4055 6069
691 471 775 532 40
2015 463 2258 520 Latium.

692 643 734 703 8
3011 638 3182 701 1188
3224 638 3373 703 mai.
3406 638 3489 703 31

693 744 968 809 Senatus
1012 744 1416 829 populusque
1458 743 1792 807 Romanus
1836 742 2246 827 promittunt,
2314 763 2384 806 se
2438 741 2800 807 reddituros
2854 762 2993 807 esse
3041 741 3430 808 Clementi
3474 742 3576 806 III

692 856 981 913 senatum
1032 853 1098 912 et
1142 847 1387 911 Urbem
1434 853 1554 911 etc.
1603 854 1670 910 et
1715 848 2066 910 tenimenta
2110 847 2277 910 intra
2320 853 2386 911 et
2430 852 2615 911 extra
2660 846 3108 911 Tusculanum.

1078 977 1128 1012 v.
1166 957 1361 1025 Roma,
1397 957 1633 1013 Senatus
1670 957 2021 1026 populusque
2060 957 2341 1012 Romanus
2376 976 2429 1012 n.
2457 957 2538 1012 18.

692 1047 731 1108 9
2597 1098 2600 1101 ,
2977 1047 3144 1108 1191
3188 1045 3376 1126 april.
3413 1047 3493 1109 19

692 1149 1036 1215 Senatores
1097 1150 1307 1215 almae
1352 1149 1546 1215 Urbis
1610 1151 2027 1233 constituunt,
2075 1155 2146 1213 ut
2200 1149 2644 1215 Celestinus
2690 1149 2793 1213 III
2854 1157 2920 1214 et
2963 1150 3259 1215 Romana
3306 1149 3578 1214 ecclesia

692 1261 954 1320 teneant
1017 1260 1082 1319 et
1140 1253 1423 1318 habeant
1485 1261 1679 1338 atque
1744 1254 2117 1339 possideant
2175 1256 2388 1317 omnia
2443 1255 2795 1318 tenimenta
2848 1253 3221 1338 Tusculani,
3293 1255 3454 1318 sicut
3512 1255 3577 1317 in

691 1359 1044 1443 privilegiis
1087 1358 1231 1421 finis
1277 1357 1488 1421 factae
1534 1358 1700 1422 inter
1740 1358 2105 1422 Romanam
2153 1348 2492 1421 ecclesiam
2539 1364 2605 1422 et
2648 1357 2892 1423 Urbem
2938 1364 3228 1443 apparet.

1074 1487 1123 1524 v.
1166 1469 1356 1535 Roma,
1394 1468 1630 1523 Senatus
1666 1469 2017 1539 populusque
2055 1468 2334 1523 Romanus
2371 1486 2423 1522 n.
2452 1469 2533 1523 19.

1357 1743 1869 1813 nonasterium
1915 1760 1973 1811 s.
2006 1744 2274 1811 marlae
2318 1744 2394 1810 in
2441 1743 2920 1810 fflerusalem.

912 1887 987 1949 In
1044 1884 1504 1949 Tusculanensi
1559 1883 1878 1949 territorio
1943 1883 2161 1968 plures
2225 1883 2378 1947 olim
2447 1884 2758 1948 ecclesiae
2826 1884 3235 1968 exstiterunt,
3306 1887 3579 1950 ecclesia

693 2016 741 2056 s.
787 1991 1088 2074 Agathae
1156 1988 1377 2053 subtus
1443 1989 1769 2052 civitatem
1837 1987 2380 2052 Tusculanensem
2449 2008 2505 2050 a.
2555 1991 2715 2052 1064
2776 1988 2901 2051 ian.
2946 1992 3026 2052 30
3095 1996 3161 2053 et
3219 1990 3366 2052 mai.
3402 1993 3482 2053 24
3540 2011 3578 2053 a

693 2094 1008 2179 Gregorio
1042 2093 1292 2175 illustri,
1325 2091 1623 2178 Gregorii
1657 2091 1931 2155 consulis
1961 2090 2115 2175 filio,
2162 2098 2229 2155 et
2267 2090 2348 2154 ab
2382 2089 2756 2171 Octaviam,
2788 2091 3073 2156 Alberici
3109 2092 3382 2156 consulis
3424 2093 3577 2175 filio,

692 2199 1084 2263 monasterio
1148 2196 1481 2262 Casinensi
1537 2216 1839 2259 concessa
1898 2192 2205 2279 (Gattula
2250 2194 2419 2258 Hist.
2469 2193 2712 2259 Cassin.
2760 2217 2822 2279 p.
2870 2199 3015 2261 232.
3063 2197 3248 2279 234),
3308 2195 3580 2262 ecclesia

695 2325 742 2365 s.
790 2302 1036 2366 Mariae
1108 2323 1169 2385 q.
1225 2321 1282 2363 v.
1343 2321 1425 2364 ex
1470 2299 1694 2364 Vineis
1761 2300 1825 2362 in
1892 2299 2214 2363 territorio
2285 2298 2743 2363 Tusculanensi
2810 2299 2891 2364 ab
2963 2300 3192 2364 eodem
3261 2299 3576 2385 Gregorio

695 2428 752 2470 a.
795 2408 954 2470 1068
1002 2404 1130 2469 feb.
1181 2407 1257 2469 18
1304 2402 1517 2467 eidem
1562 2404 1951 2467 monasterio
2001 2402 2267 2485 donata,
2323 2402 2597 2466 ecclesia
2642 2425 2690 2465 s.
2725 2402 3054 2467 Trinitatis
3099 2404 3267 2467 intus
3313 2403 3577 2468 castello

692 2508 1151 2574 Tusculanensi
1206 2529 1263 2572 a.
1313 2511 1475 2572 1065
1538 2506 1677 2571 dec.
1723 2509 1804 2571 26
1852 2527 1891 2570 a
1935 2506 2133 2571 Petro
2181 2506 2440 2570 consule
2486 2505 2817 2571 Casinensi
2877 2505 3187 2571 coenobio
3256 2528 3577 2589 concessa,

691 2620 966 2698 excepta
1012 2612 1284 2677 ecclesia
1329 2632 1377 2673 s.
1419 2610 1723 2676 Andreae
1779 2632 1913 2695 pos.
1970 2611 2151 2674 iuxta
2195 2611 2364 2673 viam
2423 2610 2810 2675 Lavicanen.
2868 2611 2934 2673 in
2997 2612 3138 2676 loco
3194 2610 3303 2675 ubi
3351 2611 3580 2675 dicitur

691 2717 1122 2799 Hierusalem,
1171 2715 1446 2800 denique
1494 2715 1950 2779 monasterium
1995 2736 2047 2777 s.
2078 2715 2326 2779 Mariae
2372 2720 2439 2778 et
2482 2736 2530 2777 s.
2573 2714 2796 2780 Crucis
2843 2736 2903 2799 q.
2952 2736 3101 2800 app.
3147 2715 3578 2799 Hierusalem,

694 2798 866 2907 quo⁰d
911 2819 1303 2885 Benedictus
1334 2818 1501 2883 VIII
1546 2841 1601 2884 a.
1643 2823 1804 2882 1017
1849 2818 2047 2882 Petro
2093 2818 2314 2883 abbati
2358 2817 2474 2882 sub
2520 2819 2746 2905 regula
2791 2841 2839 2881 s.
2884 2819 3220 2884 Benedicti
3265 2820 3581 2883 commisit

697 2927 784 3009 (n.
826 2924 906 3009 1).
984 2924 1165 2989 Sacc.
1212 2922 1313 2987 XI
1346 2944 1448 2987 ex,
1497 2944 1536 2987 a
1581 2922 1897 3008 Gregorio
1941 2921 2174 2986 illustri
2219 2923 2354 2985 viro
2389 2923 2653 3008 eiusque
2699 2923 2830 2986 filio
2862 2923 3245 2988 Ptolomaeo
3294 2923 3579 2988 oblatum

693 3031 887 3095 fuisse
953 3029 1341 3093 monasterio
1402 3027 1764 3110 Casinensi,
1836 3047 1919 3090 ex
1976 3025 2211 3092 Chron.
2270 3024 2564 3092 Oasinen.
2624 3026 2733 3091 lib.
2791 3026 2894 3091 III
2953 3048 3006 3091 c.
3065 3030 3167 3091 59.
3228 3030 3309 3092 60
3376 3025 3576 3112 (Mon.

697 3133 916 3198 Germ.
964 3131 1097 3196 Scr.
1128 3131 1261 3196 VII
1309 3134 1461 3207 709;
1517 3131 1597 3195 cf.
1660 3129 1925 3195 Gattula
1969 3130 2009 3193 l.
2055 3151 2107 3194 c.
2152 3153 2214 3214 p.
2266 3133 2420 3207 2363
2466 3129 2696 3196 Mattei
2740 3153 2802 3216 p.
2854 3130 3004 3216 112)
3050 3130 3389 3216 colligitur.
3478 3129 3579 3195 Dc

697 3238 883 3301 huius
928 3236 1299 3301 monasterii
1344 3236 1467 3298 situ
1500 3234 1579 3298 cf.
1613 3234 2001 3298 Tomassetti
2047 3235 2114 3297 in
2143 3233 2338 3299 Asch.
2388 3233 2560 3298 della
2591 3234 2733 3299 Soc.
2766 3234 2953 3298 Rom.
2989 3233 3088 3297 IX
3118 3231 3346 3319 (1886)
3380 3239 3459 3299 84
3485 3255 3576 3318 sq.

909 3391 1340 3474 Documenta,
1399 3411 1564 3475 quae
1621 3387 1704 3454 ad
1763 3390 2221 3453 monasterium
2288 3388 2698 3455 Hierusalem
2758 3397 3077 3475 spectant,
3145 3391 3429 3454 maxima
3497 3411 3579 3454 ex

694 3502 879 3580 parte
936 3496 1001 3559 in
1064 3493 1377 3558 tabulario
1424 3494 1787 3559 Casinensis
1840 3494 2214 3558 monasterii
2258 3493 2694 3558 adservantur.
2786 3495 2966 3569 Quae
3012 3515 3165 3558 vero
3211 3500 3580 3577 sequuntur,

696 3601 761 3663 in
793 3597 1107 3664 tabulario
1141 3600 1590 3664 canonicorum
1623 3597 1933 3662 ecclesiae
1966 3597 2348 3682 Anagninae
2390 3599 2744 3663 invenimus
2791 3596 2898 3682 (cf.
2934 3596 3109 3662 G6tt.
3141 3596 3377 3662 Nachr.
3418 3600 3578 3660 1900

696 3726 758 3788 p.
794 3702 967 3788 303).

903 3838 957 3890 A
1010 3860 1074 3882 =
1111 3836 1264 3908 Orig.
1302 3835 1521 3906 Anagni
1560 3835 1723 3891 Arch.
1762 3835 2091 3907 capitolare.

700 3945 738 4005 1
2977 3943 3148 4007 1017
3189 3942 3378 4023 april.
3410 3943 3497 4006 26

696 4046 1173 4112 Benedictus
1203 4045 1370 4110 VIII
1421 4044 1618 4109 donat
1661 4045 1858 4109 Petro
1906 4046 2017 4111 rel.
2066 4044 2299 4130 presb,
2346 4046 2660 4110 monacho
2705 4053 2898 4131 atque
2945 4046 3316 4132 coangelico
3363 4045 3579 4110 abbati

700 4151 1155 4215 monasterium
1197 4173 1246 4214 s.
1277 4148 1520 4214 Mariae
1555 4172 1615 4234 q.
1648 4171 1796 4233 app.
1842 4148 2275 4233 Hierusalem,
2323 4171 2456 4234 pos.
2492 4151 2811 4214 territorio
2843 4149 3298 4215 Tusculanensi
3344 4152 3410 4214 in
3439 4151 3580 4215 loco

703 4276 762 4338 q.
799 4276 946 4338 app.
978 4251 1406 4317 Hierusalem.
1452 4288 1540 4299 ——
1586 4253 1751 4327 Quia
1795 4253 1961 4318 inter
2007 4255 2240 4318 omnia.
2316 4252 2456 4337 Ego
2503 4254 2640 4318 Leo
2686 4255 2870 4317 scrin.
2918 4252 2981 4317 S.
3011 4253 3090 4318 R.
3122 4252 3198 4318 E.
3248 4255 3580 4339 complevi.

906 4365 976 4419 A.
1013 4392 1079 4402 —-
1116 4363 1228 4418 Ed.
1269 4361 1411 4418 Gatt.
1448 4362 1649 4418 Nachr.
1688 4371 1818 4419 1900
1844 4382 1902 4433 p.
1927 4369 2027 4420 305
2062 4380 2116 4418 n.
2144 4373 2173 4417 1
2208 4381 2276 4418 em
2309 4365 2374 4418 A.
2414 4395 2478 4405 -
2521 4364 2646 4432 Req.
2687 4364 2801 4420 JL.
2840 4396 2921 4419 —.

1082 4449 1487 4506 Documentum
1512 4451 1634 4517 hoc,
1671 4455 1737 4506 ut
1771 4470 1823 4505 n.
1850 4453 1899 4516 2,
1936 4469 2046 4506 non
2073 4450 2360 4522 privilegii
2387 4450 2660 4522 pontificii
2689 4451 2921 4505 formam
2958 4455 3016 4507 et
3040 4453 3288 4508 tenorem
3313 4452 3581 4521 sequitur,

912 4536 1010 4592 sed
1046 4536 1102 4590 in
1139 4537 1316 4592 forma
1352 4536 1581 4593 chartae
1619 4536 1876 4607 privatae
1912 4538 2108 4593 datum
2144 4541 2244 4593 est.

700 4613 744 4676 2
3021 4609 3193 4673 1027
3233 4630 3377 4690 any.
3416 4612 3498 4673 13

704 4712 1105 4776 Iohannes
1164 4710 1330 4774 XIX
1388 4717 1456 4775 et
1500 4709 1838 4776 Albericus
1893 4731 2109 4776 comes
2161 4734 2209 4775 s.
2251 4711 2634 4776 Lateranen.
2695 4711 2939 4795 palatii,
2998 4713 3288 4796 germani
3332 4713 3582 4797 fratres,

707 4815 966 4879 tradunt
1008 4812 1337 4900 Abun[dio
1369 4812 1455 4900 (ζ’)
1511 4814 1730 4879 abbati
1773 4835 1942 4880 mon.
1990 4837 2039 4879 s.
2086 4816 2331 4880 Mariae
2388 4817 2453 4879 in
2496 4814 2932 4902 Hierusalem]
2981 4822 3215 4881 terram
3262 4817 3582 4901 quandam

705 4918 1046 5000 novellam,
1093 4939 1228 5001 pos.
1278 4918 1595 4982 territorio
1630 4918 2089 4984 Tusculanensi
2134 4919 2199 4982 in
2242 4919 2384 4983 loco
2429 4918 2801 4983 ubidicitur
2828 4919 3046 4985 Monte
3092 4919 3172 4985 de
3220 4920 3581 4986 Theodora.

706 5061 787 5068 —
837 5021 1156 5095 Quoniam
1201 5027 1445 5086 certum
1491 5028 1607 5086 est.
1699 5022 1837 5107 Ego
1885 5022 2208 5087 Iohannes
2253 5024 2437 5087 scrin.
2485 5023 2548 5087 S.
2581 5023 2659 5087 R.
2691 5022 2768 5086 E.
2817 5025 3154 5108 complevi.

910 5133 980 5185 A.
1016 5162 1085 5172 —
1123 5131 1233 5186 Ed.
1281 5132 1419 5187 Goet.
1457 5131 1662 5188 Ναόν.
1701 5141 1839 5190 1900
1865 5150 1925 5202 p.
1949 5141 2053 5190 307
2081 5151 2137 5187 n.
2163 5141 2197 5188 2
2229 5150 2294 5188 ex
2329 5134 2396 5188 A.
2435 5166 2499 5175 —
2537 5133 2668 5205 Ray.
2701 5133 2810 5187 JL.
2848 5166 2933 5190 —.

1082 5217 1163 5275 De
1198 5218 1377 5275 forma
1414 5219 1481 5273 cf.
1518 5237 1572 5274 n.
1601 5218 1647 5274 1.
1842 5245 1846 5249 Δ
