4055 6069
735 492 815 554 80
1267 468 1272 475 “
2053 484 2295 547 Latium.

731 664 811 727 *5
2913 669 3107 749 (1155
3150 669 3530 752 ium—iul.)

732 767 1184 832 Hadrianus
1227 767 1322 830 IV
1377 769 1533 832 emit
1588 769 1767 832 iuxta
1821 769 2096 834 Pontem
2143 770 2472 834 Lucanum
2539 771 2620 835 ab
2679 792 2881 835 uxore
2927 770 3232 836 Iohannis
3279 773 3359 838 de
3402 775 3616 840 Bene-

734 872 903 936 dicto
950 873 1086 935 cive
1134 869 1468 935 Tiburtino
1516 875 1554 935 2
1601 873 1850 936 modios
1904 879 2115 938 terrae
2171 895 2285 957 pro
2336 879 2371 937 7
2413 872 2591 938 libris
2637 874 3100 940 affortiatorum
3149 882 3215 941 et
3266 883 3291 941 1
3330 877 3616 943 modium

734 997 773 1039 a
816 974 1156 1059 Raynaldo
1203 996 1320 1059 pro
1367 978 1448 1041 28
1482 975 1597 1040 sol.
1645 975 2132 1042 affortiatorum.

938 1085 1119 1141 Laud.
1155 1086 1216 1139 in
1261 1086 1387 1140 Vita
1423 1085 1705 1141 Hadriani
1739 1088 1775 1142 1
1787 1087 1836 1140 V
1873 1093 2094 1142 erectore
2140 1089 2355 1143 Bosone
2396 1089 2542 1157 (Lib.
2582 1090 2780 1159 pontif.
2830 1090 2908 1145 ed.
2945 1091 3232 1147 Duchesne
3270 1092 3347 1146 II
3371 1096 3506 1162 396).
3555 1124 3616 1133 —

732 1174 811 1229 Re
849 1214 863 1228 .
889 1174 1004 1229 JL.
1044 1205 1126 1229 -.
1965 1186 1966 1189 ’

809 1194 847 1245 9
1109 1268 1456 1325 Hadrianum
1483 1270 1560 1324 IV
1584 1287 1635 1325 a.
1664 1271 1796 1325 1155
1833 1287 2020 1325 mense
2045 1269 2198 1325 iunio
2234 1274 2470 1327 exeunte
2496 1274 2555 1328 et
2578 1289 2765 1327 mense
2791 1271 2926 1329 iulio
2952 1272 3181 1329 ineunte
3206 1275 3359 1344 apud
3385 1275 3616 1331 Pontem

942 1355 1225 1411 Lucanum
1261 1355 1321 1409 in
1356 1355 1639 1413 territorio
1676 1356 1973 1411 Tiburtino
2010 1356 2210 1421 fuisse,
2247 1374 2314 1412 ex
2351 1358 2597 1413 eiusdem
2633 1358 2862 1414 Bosonis
2888 1359 3025 1414 Vita
3061 1360 3331 1415 Hadriani
3371 1361 3446 1414 IV
3483 1361 3542 1428 (l.
3569 1380 3615 1416 e.

939 1442 989 1495 11
1026 1443 1149 1511 393)
1187 1446 1246 1499 et
1282 1461 1348 1499 ex
1384 1443 1731 1499 documentis
1769 1443 1885 1511 (JL.
1927 1444 2114 1513 10079)
2153 1444 2537 1514 comperimus,

735 1584 817 1646 *6
2910 1587 3104 1670 (1155
3153 1586 3531 1671 ium—iul.)

734 1687 1189 1752 Hadrianus
1235 1686 1330 1749 IV
1399 1688 1556 1753 emit
1608 1688 1788 1752 iuxta
1840 1688 2116 1752 Pontem
2170 1689 2500 1752 Lucanum
2557 1691 2596 1752 6
2637 1688 2885 1753 modios
2946 1700 3153 1755 terrae
3212 1689 3294 1754 ab
3345 1690 3619 1756 Oddone

736 1791 817 1856 de
863 1791 1082 1855 Insula
1129 1797 1194 1855 et
1237 1812 1438 1855 uxore
1485 1792 1621 1855 eius
1664 1812 1781 1876 pro
1828 1794 1911 1855 24
1943 1791 2123 1855 libris
2169 1791 2653 1856 affortiatorum.

940 1900 1119 1956 Laud.
1157 1901 1218 1954 in
1268 1900 1387 1955 Vita
1429 1900 1714 1955 Hadriani
1750 1900 1839 1955 IV
1880 1908 2094 1956 auctore
2140 1902 2361 1956 Bosone.
2406 1901 2550 1967 (Lib.
2589 1904 2790 1970 pontif.
2836 1902 2916 1959 ed.
2963 1904 3248 1959 Ducraesrae
3287 1906 3358 1959 ΙΙ
3383 1908 3515 1972 396).
3558 1935 3616 1944 —

738 1988 867 2058 Rey.
903 1989 952 2044 J
954 1987 1015 2041 L.
1054 2018 1137 2042 —.

2084 2229 2271 2296 Pon.

1786 2348 2076 2418 (Castrum
2111 2349 2290 2406 Pauli.
2339 2352 2565 2421 Polum)

942 2488 1067 2544 Fat
1080 2492 1148 2545 to
1162 2487 1220 2543 ri
1255 2486 1504 2544 Historia
1539 2488 1680 2553 Poli,
1716 2506 1815 2544 ms.
1842 2506 1883 2545 s.
1907 2488 2070 2542 XVII
2106 2488 2276 2557 (laud.
2311 2507 2346 2544 a
2371 2490 2431 2546 P.
2457 2489 2695 2545 Kimher
2729 2490 2787 2545 in
2831 2488 2974 2545 Hist.
3000 2487 3620 2556 Eustachio-Mariana).

736 2606 804 2616 —-
846 2577 910 2632 G.
935 2576 1250 2631 Mai-occo
1295 2575 1559 2631 Memoris
1606 2574 1850 2631 storiche
1891 2575 2022 2630 dell'
2071 2575 2466 2645 antiquissima
2515 2582 2666 2633 terra
2713 2577 2771 2631 di
2819 2577 2944 2633 Poli
2993 2577 3080 2645 (In
3130 2576 3306 2632 Roma
3335 2576 3509 2644 1836).
3558 2605 3622 2615 —-

737 2662 1045 2718 Mat-occo
1070 2660 1416 2717 Monumenti
1439 2662 1519 2716 XI
1543 2662 1577 2717 9
1603 2681 1683 2732 sq.
1711 2693 1772 2702 -
1801 2661 2032 2732 Nibby
2068 2663 2287 2718 Analisi
2327 2664 2557 2721 ²11566
2579 2683 2661 2734 sq.
2688 2694 2755 2704 —-
2778 2663 3043 2719 Moroni
3081 2663 3393 2720 Dizionario
3419 2663 3620 2718 LXXV

739 2749 841 2803 285
862 2768 942 2818 sq.
983 2779 1047 2789 —
1085 2748 1147 2804 G.
1174 2748 1490 2805 Cascioli
1524 2748 1790 2805 Memoris
1825 2749 2070 2806 storiche
2108 2750 2165 2805 di
2202 2750 2327 2807 Poli
2365 2769 2469 2808 con
2504 2751 2677 2808 molte
2714 2751 2919 2808 notizie
2966 2750 3181 2809 inedita
3217 2751 3370 2807 della
3406 2751 3622 2807 celebre

740 2834 997 2907 famiglia
1033 2835 1197 2891 Conti
1233 2836 1430 2903 (Roma
1469 2836 1642 2905 1896).

950 3028 1098 3093 Poli
1150 3028 1478 3114 oppidum,
1525 3027 1636 3094 ubi
1682 3028 1941 3096 illustris
1988 3029 2312 3097 Comitum
2358 3030 2603 3097 familia
2648 3030 2732 3117 (v.
2767 3030 2992 3118 Segni)
3039 3030 3388 3097 dominium
3436 3052 3619 3097 exer-

739 3135 887 3218 cuit,
932 3136 1287 3199 invenimus
1332 3142 1757 3199 memoratum
1804 3142 1870 3199 et
1912 3136 1979 3199 in
2022 3135 2374 3221 privilegiis
2418 3158 2535 3220 pro
2581 3135 2847 3201 basilica
2891 3159 2939 3200 s.
2973 3135 3161 3200 Pauli
3208 3136 3288 3200 de
3333 3134 3509 3200 Urbe
3557 3142 3623 3198 et

738 3259 855 3323 pro
901 3240 1288 3305 monasterio
1344 3260 1424 3303 ss.
1457 3238 1760 3304 Andreae
1806 3245 1873 3303 et
1918 3237 2213 3324 Gregorii
2271 3241 2335 3304 in
2399 3239 2580 3305 Clivo
2638 3239 2895 3324 Scauri,
2964 3240 3067 3306 cui
3120 3238 3274 3305 Otto
3319 3239 3424 3304 III
3467 3240 3619 3323 imp.

740 3362 797 3406 a.
831 3345 954 3406 999
1003 3363 1147 3407 nov.
1183 3349 1220 3407 5
1269 3342 1622 3428 diplomate
1668 3364 1782 3407 suo
1829 3343 2167 3408 castellum
2214 3344 2416 3408 sancti
2460 3343 2649 3408 Pauli
2696 3344 3095 3409 confirmavit
3152 3342 3354 3426 (Mon.
3402 3341 3623 3406 Germ.

737 3446 911 3530 Dipl.
958 3446 1030 3510 II
1072 3451 1196 3512 764
1242 3468 1304 3512 n.
1337 3447 1510 3533 336).
1601 3446 2026 3532 Temporibus
2079 3447 2435 3513 Innocentii
2480 3446 2550 3510 H
2606 3453 2884 3512 castrum
2941 3447 3086 3511 Poli
3146 3448 3299 3511 iuris
3352 3445 3412 3511 b.
3444 3447 3624 3512 Petri

739 3551 955 3635 fuisse,
1002 3549 1317 3615 Tiburtini
1346 3552 1413 3615 in
1441 3553 1798 3616 iuramento
1831 3550 2045 3616 eidem
2075 3550 2357 3635 pontifici
2398 3551 2569 3616 facto
2599 3559 3129 3637 recognoverunt,
3177 3572 3304 3637 quo
3335 3557 3623 3615 sanctum

739 3654 971 3719 Polum
1016 3662 1084 3721 et
1126 3654 1254 3720 alia
1299 3655 1545 3741 regalia
1591 3676 1659 3720 se
1704 3655 2081 3721 defensuros
2126 3676 2267 3720 esse
2313 3656 2742 3740 promiserunt
2770 3653 2857 3738 (v.
2892 3655 3120 3739 Tivoli,
3168 3654 3410 3720 Civitas
3439 3676 3499 3718 n.
3533 3654 3622 3739 2).

740 3758 821 3822 A.
861 3761 1024 3824 1208
1072 3766 1195 3823 oct.
1229 3763 1268 3824 6
1312 3757 1664 3824 Riccardus
1709 3780 1925 3824 comes
1971 3758 2053 3823 de
2101 3758 2290 3842 Sora,
2346 3760 2446 3823 cui
2509 3757 2919 3824 Innocentius
2964 3759 3067 3823 III
3124 3780 3181 3823 a.
3215 3763 3378 3824 1204
3426 3763 3549 3823 oct.
3583 3762 3622 3821 9

744 3862 1074 3946 (Potthast
1115 3861 1281 3948 Reg.
1321 3861 1518 3949 2297)
1563 3862 1798 3928 Polum
1828 3864 2088 3948 aliaque
2136 3862 2375 3948 oppida
2420 3861 2749 3946 tribuerat,
2794 3862 3172 3929 fidelitatem
3218 3864 3384 3928 iurat
3427 3862 3621 3926 Inno-

744 3968 952 4031 centio
997 3966 1102 4030 ΠΙ
1146 3989 1261 4052 pro
1308 3974 1481 4032 terra
1525 3968 1690 4051 poli,
1738 3989 1904 4052 quae
1950 3968 2104 4032 olim
2151 3967 2270 4031 fuit
2317 3967 2607 4032 Oddonis
2652 3967 2733 4031 de
2780 3966 2943 4031 Polo
2989 3965 3100 4052 (cf.
3145 3967 3451 4033 Oeneium
3495 3987 3548 4031 c.
3582 3972 3620 4030 5

743 4069 888 4134 edd.
934 4069 1254 4154 Raynaldi
1299 4070 1465 4136 Ann.
1514 4071 1669 4137 eccl.
1717 4071 1799 4135 ad
1846 4093 1903 4136 a.
1944 4074 2107 4136 1208
2154 4092 2207 4135 c.
2241 4074 2357 4147 27;
2415 4071 2726 4136 Muratori
2769 4072 2990 4156 Antiq.
3023 4072 3085 4136 V
3131 4073 3288 4147 8493
3344 4070 3623 4135 Theiner

742 4174 901 4239 Cod.
949 4174 1104 4259 dipl.
1137 4173 1306 4239 dom.
1340 4181 1536 4260 temp.
1570 4175 1602 4239 I
1634 4178 1715 4239 42
1747 4197 1809 4239 n.
1842 4178 1957 4249 53;
2005 4175 2284 4240 Cascioli
2314 4197 2376 4259 p.
2412 4178 2533 4240 317
2568 4197 2628 4239 n.
2668 4178 2773 4251 18;
2818 4173 3407 4241 Fabre-Duchesne
3438 4174 3472 4237 I
3503 4174 3621 4250 9*;

742 4276 823 4342 cf.
873 4279 1069 4343 etiam
1115 4276 1357 4343 bullam
1402 4279 1757 4345 Innocentii
1802 4279 1906 4343 III
1951 4300 2011 4344 a.
2053 4282 2212 4344 1209
2260 4278 2387 4345 feb.
2421 4282 2504 4344 24
2549 4279 2852 4343 Potthast
2896 4278 3060 4365 Reg.
3109 4278 3325 4364 3675).

744 4467 781 4528 1
3168 4471 3507 4534 1139—43

743 4570 978 4637 Coram
1026 4572 1503 4638 Innocentio
1552 4573 1620 4639 ΙΙ
1672 4595 1864 4640 causa
1930 4577 2098 4642 inter
2140 4575 2406 4641 Petrum
2474 4573 2777 4642 abbatem
2837 4595 3007 4639 mon.
3068 4472 3172 4639 sa(
3196 4475 3537 4639 Andreae)
3560 4581 3626 4638 et

743 4674 1041 4761 Gregorii
1089 4677 1169 4742 de
1215 4676 1391 4743 Urbe
1438 4684 1659 4743 contra
1705 4678 2001 4744 Odonem
2049 4679 2129 4744 de
2175 4678 2651 4744 Polmdiversis
2701 4680 2988 4744 terminis
3033 4680 3262 4764 agitur.

1123 4807 1172 4842 v.
1210 4788 1402 4854 Roma,
1439 4790 1585 4845 Mon.
1621 4808 1691 4845 ss.
1717 4789 1970 4846 Andreae
2007 4793 2067 4846 et
2102 4788 2358 4861 Gregorii
2393 4788 2453 4843 in
2491 4789 2651 4846 Clivo
2691 4788 2888 4845 Scauri
2924 4808 2974 4843 n.
2995 4790 3043 4846 8.

746 4927 828 4993 *2
3174 4931 3509 4992 1143—44

746 5031 1213 5098 Celestinus
1258 5033 1330 5097 II
1383 5033 1598 5098 reddit
1654 5031 1867 5098 Odoni
1921 5033 2001 5100 de
2048 5034 2209 5098 Polo
2256 5034 2614 5118 pecuniam,
2674 5034 3050 5098 Innocentio
3097 4930 3178 5096 Π(
3224 5054 3340 5118 pro
3394 4927 3624 5098 ead)em

745 5157 939 5201 causa
984 5143 1077 5219 (n.
1113 5140 1181 5220 1)
1226 5137 1522 5223 solutam,
1568 5138 1745 5202 salvo
1792 5144 2193 5204 sacramento
2241 5137 2322 5202 de
2368 5138 2607 5201 iustitia
2651 5137 2964 5204 facienda.

1123 5266 1172 5304 v.
1213 5248 1402 5315 Roma,
1439 5249 1587 5305 Mon.
1623 5268 1692 5304 ss.
1718 5250 1971 5305 Andreae
2009 5253 2068 5305 et
2103 5248 2357 5320 Gregorii
2395 5248 2451 5302 in
2490 5247 2649 5304 Clivo
2688 5248 2880 5305 Scauri
2917 5250 3040 5305 n.9.
