4055 6069
1304 486 1523 544 Civitas
1558 487 1962 546 Veliternensis
2002 518 2060 529 -
2101 486 2414 544 barianum.
3179 492 3297 553 105

417 663 677 728 alterius
708 664 1118 729 comestionis
1148 663 1557 749 stipendium,
1604 672 1670 728 et
1713 665 1964 730 hostem
1996 670 2064 729 et
2092 664 2583 749 parlamentum,
2623 662 2871 727 hostem
2906 684 3023 746 per
3052 661 3299 726 Mariti-

417 789 586 833 mam
632 775 698 833 et
741 768 1196 854 Campaniam,
1253 775 1321 833 et
1365 769 1730 850 confirmat,
1775 775 1848 833 ut
1890 766 2265 854 possideant
2312 774 2514 833 terras
2559 772 2679 832 etc.
2729 773 2794 831 et
2838 766 3083 849 omnia,
3132 788 3298 853 quae

418 873 820 936 continentur
885 873 950 935 in
1019 874 1298 957 antiquis
1364 873 1716 958 privilegiis
1784 874 2079 937 civitatis.
2144 910 2227 919 —
2293 870 2431 937 Nec
2499 873 2805 956 ignotum.
2898 868 3031 934 Sor.
3090 892 3154 955 p.
3212 892 3297 935 m.

415 975 672 1040 Girardi
717 977 902 1040 scrin.
945 974 1008 1041 S.
1042 976 1121 1041 R.
1153 976 1250 1061 E„
1298 998 1355 1041 a.
1403 976 1464 1041 d.
1511 979 1631 1041 inc.
1670 980 1854 1061 1089,
1899 975 2027 1041 ind.
2068 978 2167 1042 12.
2245 975 2499 1041 Subscr.
2546 976 2781 1041 Petrus
2820 974 3138 1039 Albanen.
3173 995 3297 1060 ep.,

413 1079 696 1143 Minutus
755 1081 1141 1146 Lavioanen.
1198 1102 1322 1167 ep.,
1385 1082 1603 1145 Bruno
1650 1080 1909 1166 Signen.
1975 1102 2077 1166 ep.
2173 1079 2323 1145 Dat.
2391 1080 2641 1145 Romae
2706 1083 2744 1144 8
2788 1077 2873 1143 id.
2933 1078 3041 1146 iul.
3101 1101 3165 1164 p.
3212 1099 3295 1142 m.

415 1182 721 1249 Iohannis
764 1183 827 1249 S.
860 1184 940 1249 R.
971 1184 1046 1249 Ε.
1093 1185 1255 1250 diac.
1304 1185 1475 1250 card.
1523 1191 1591 1251 et
1634 1206 1810 1250 cane.

617 1294 675 1350 B
705 1311 749 1350 s.
780 1294 918 1351 XII.
976 1294 1084 1364 [B¹
1120 1312 1163 1350 ε.
1200 1295 1402 1367 ΧΙΧ].
1455 1327 1522 1338 -
1576 1296 1724 1352 Edd.
1762 1299 1831 1352 A.
1857 1296 2073 1368 Bor-qia
2097 1314 2156 1365 p.
2194 1303 2293 1352 204
2327 1312 2393 1350 ex
2428 1296 2485 1349 B
2515 1319 2580 1341 =
2619 1296 2806 1365 Miqne
2842 1294 2975 1349 CLI
3002 1299 3106 1350 304
3139 1298 3296 1369 vam.

417 1380 642 1436 Maroni
670 1399 729 1450 p.
757 1389 849 1438 110
880 1398 937 1437 n.
965 1390 992 1435 1
1035 1397 1101 1437 ex
1135 1383 1201 1437 B.
1275 1382 1549 1454 Pfluqu.
1585 1384 1724 1438 Acta
1758 1382 1835 1438 II
1862 1392 1960 1438 145
1993 1401 2051 1439 n.
2077 1390 2174 1438 178
2209 1399 2278 1438 ea:
2313 1384 2379 1438 B.
2417 1412 2485 1424 —
2521 1381 2687 1453 chy.
2731 1381 2920 1436 neuls·
2946 1398 3007 1450 p.
3034 1388 3144 1436 166.
3182 1384 3297 1434 232.

413 1468 600 1523 Bawco
640 1471 657 1502 ¹
684 1470 760 1523 II
785 1477 874 1524 115
907 1474 1048 1536 not.‚·
1083 1472 1106 1503 ²
1143 1467 1218 1522 ΙΙ
1241 1476 1334 1524 126
1365 1475 1477 1524 not.
1533 1469 1716 1540 Mi'yne
1755 1470 2013 1524 CLXIV
2047 1478 2153 1525 107.
2208 1470 2271 1526 J.
2309 1476 2458 1526 4037.
2510 1469 2628 1526 JL.
2663 1474 2812 1525 5403.

790 1564 1077 1619 Laudatur
1111 1563 1281 1620 etiam
1319 1582 1355 1620 a
1389 1564 1656 1636 Gregorio
1694 1566 1772 1620 lx
1815 1566 1875 1620 in
1922 1565 2094 1621 bullis
2139 1582 2190 1621 a.
2228 1565 2362 1621 1235
2408 1566 2519 1621 ian.
2545 1566 2579 1621 3
2625 1564 2888 1620 Potthast
2925 1563 3104 1635 Regg.
3140 1562 3294 1618 9812.

618 1650 755 1705 9813
808 1652 1055 1721 (Auvray
1106 1651 1210 1707 Les
1254 1668 1369 1723 reg.
1416 1651 1484 1707 de
1520 1651 1786 1724 Gregoire
1824 1652 1901 1708 IX
1937 1656 1978 1708 t.
2006 1653 2032 1707 1
2082 1652 2217 1708 1233
2259 1671 2313 1707 n.
2346 1652 2499 1708 2331.
2536 1651 2714 1722 2332).
2772 1681 2831 1692 -
2892 1651 3099 1706 Contra
3135 1667 3296 1721 argu-

617 1740 821 1800 menta,
857 1754 1003 1806 quae
1028 1755 1078 1791 v.
1109 1737 1621 1810 Pflugk·Harttung
1657 1740 1692 1793 1.
1723 1757 1769 1795 c.
1808 1738 2074 1795 adversus
2109 1738 2430 1794 documenti
2464 1738 2629 1793 fidem
2654 1737 2898 1803 exhibet,
2936 1738 3006 1793 ef.
3032 1737 3294 1793 Loewen-

618 1820 732 1877 feld
769 1822 807 1877 l.
834 1839 880 1877 c.
919 1825 978 1878 et
1012 1840 1159 1892 quae
1193 1824 1428 1879 disserui
1464 1824 1523 1880 in
1560 1825 1726 1881 Arch.
1762 1826 1915 1881 della
1950 1825 2071 1882 Soc.
2111 1825 2267 1881 Rom.
2304 1824 2494 1879 XXIII
2531 1824 2711 1895 (1900)
2748 1824 2851 1879 279
2875 1842 2955 1893 sq.

415 1964 458 2024 3
2363 1964 2685 2029 Laterano
2731 1966 2898 2028 1101
2926 1922 3133 2045 april.
3170 1966 3210 2025 6

411 2063 827 2130 Paschalis
872 2067 940 2131 Π
972 2068 1388 2135 Velletranae
1419 2069 1593 2134 urbis
1624 2070 1887 2153 civibus,
1935 2076 2140 2155 apost.
2176 2070 2346 2135 sedis
2375 2068 2705 2134 fidelibus:
2755 2067 3043 2134 decernit
3072 2088 3296 2132 omnes

411 2189 642 2252 pravas
673 2171 1164 2236 consuetudines
1195 2172 1300 2237 vel
1330 2174 1723 2255 exactiones,
1764 2195 1924 2259 quas
1960 2173 2413 2240 haeresiarcha
2444 2172 2791 2239 Guibertus
2820 2172 3293 2238 Ravennatium

281 2301 286 2306 ·
410 2293 535 2357 ep.,
581 2293 736 2337 mox
767 2281 973 2360 apost.
1021 2276 1192 2341 sedis
1232 2278 1506 2362 invasor,
1552 2279 1877 2363 imposuit,
1924 2278 2005 2343 de
2052 2277 2266 2345 medio
2299 2279 2574 2342 civitatis
2618 2278 2871 2362 penitus
2916 2276 3181 2353 aboleri,
3229 2283 3296 2341 et

415 2378 619 2440 sancit
678 2375 1143 2464 benignitatem
1188 2401 1228 2444 a
1272 2379 1753 2465 Gregorio-VII
1797 2382 1889 2464 (n.
1925 2385 1994 2464 1)
2041 2381 2355 2446 indultam
2397 2381 2649 2446 firmam
2694 2401 2985 2463 manere,
3032 2386 3099 2445 et
3141 2400 3292 2443 oon-

409 2479 624 2543 firmat
679 2480 837 2545 fines
893 2484 1214 2550 territorii.
1271 2521 1355 2531 —
1400 2484 1486 2550 Et
1537 2506 1737 2570 prava
1793 2487 2135 2571 corrigere.
2226 2485 2360 2550 Scr.
2408 2508 2469 2569 p.
2503 2506 2587 2549 m.
2641 2485 2823 2549 Petri
2868 2490 2996 2548 not.
3044 2506 3179 2570 reg.
3227 2490 3294 2549 et

410 2583 596 2647 scrin.
643 2606 691 2647 s.
738 2586 867 2669 pal.
965 2586 1106 2672 Ego
1161 2589 1494 2654 Paschalis
1553 2597 1672 2655 eto.
1747 2591 1898 2656 Dat.
1954 2591 2098 2656 Lat.
2146 2613 2209 2676 p.
2257 2612 2340 2654 m.
2410 2590 2713 2654 Iohannis
2773 2588 2837 2654 S.
2880 2588 2959 2653 R.
3004 2589 3079 2654 E.
3127 2588 3291 2654 diac.

410 2685 604 2770 card.,
654 2692 691 2752 8
724 2688 809 2753 id.
846 2690 1047 2775 april,
1094 2691 1223 2756 ind.
1251 2696 1310 2778 9,
1356 2696 1477 2758 inc.
1524 2694 1583 2758 d.
1633 2716 1689 2760 a.
1731 2699 1914 2779 1102,
1960 2702 2137 2780 pont.
2183 2701 2399 2759 autem
2433 2694 2493 2760 d.
2525 2693 2858 2759 Paschalis
2888 2693 2957 2757 11
2983 2715 3090 2781 pp.
3138 2715 3197 2761 a.
3231 2696 3289 2759 2.

616 2801 685 2854 Δ.
724 2799 810 2869 [Β
839 2819 892 2855 a.
919 2810 1061 2858 1406.
1105 2803 1190 2874 OJ.
1239 2834 1299 2844 —
1340 2805 1485 2859 Edd.
1532 2806 1733 2875 Uqhelli
1761 2808 1777 2840 ¹
1817 2806 1964 2870 161,·
1999 2809 2022 2840 ²
2050 2806 2093 2860 I
2117 2813 2182 2861 46
2215 2821 2280 2860 ex
2305 2806 2360 2860 Β
2391 2829 2455 2852 =
2493 2805 2642 2860 Bau.
2669 2804 2825 2859 Rom.
2853 2804 2930 2860 ed.
2963 2804 3296 2873 &equalina

409 2886 484 2939 ΙΙ
515 2892 606 2941 118
648 2903 704 2941 n.
743 2896 806 2942 10
843 2911 907 2934 =
942 2890 1084 2943 Ball.
1127 2889 1279 2945 Rom.
1315 2892 1394 2947 ed.
1440 2892 1605 2949 Taur.
1641 2893 1711 2947 11
1745 2900 1840 2948 218
1882 2910 1938 2948 n.
1967 2902 2056 2960 10,
2096 2916 2160 2939 =
2204 2892 2394 2947 Mansa·
2441 2891 2571 2946 XX
2611 2897 2748 2947 1048
2782 2908 2838 2946 n.
2866 2898 2935 2946 84
2986 2914 3050 2937 =
3102 2890 3294 2961 Miqne
3352 2960 3375 2975 .

407 2972 953 3119 gLssgIZ-‘nkggg
964 2999 1027 3021 =
1055 2975 1361 3047 Coppelletti
1386 2980 1547 3034 1464
1572 2980 1707 3037 Eme.
1733 2983 1799 3034 A.
1827 2981 2031 3051 Boryn'a
2049 2997 2109 3060 p.
2132 2986 2236 3037 208
2267 2995 2334 3034 ex
2366 2981 2435 3034 A.
2459 3010 2527 3019 —
2553 2979 2717 3051 Reqq.
2752 2978 2940 3033 neuls·
2955 2994 3013 3046 p.
3042 2986 3145 3033 166.
3175 2984 3291 3033 232.

787 3157 1073 3215 Laudatur
1108 3177 1143 3214 a
1177 3159 1445 3232 Gregorio
1483 3161 1564 3217 IX
1609 3162 1666 3217 in
1713 3163 1871 3218 bulla
1905 3180 1957 3218 a.
1986 3163 2119 3219 1235
2166 3162 2275 3217 ian.
2300 3163 2335 3217 3
2393 3161 2659 3218 Potthast
2697 3162 2833 3232 Reg.
2869 3159 3008 3218 9813
3042 3161 3290 3229 (Auvray

614 3245 718 3300 Les
754 3262 869 3317 reg.
906 3247 974 3302 de
1011 3247 1279 3320 Gregoire
1317 3247 1391 3302 IX
1431 3253 1471 3304 t.
1501 3250 1524 3303 1
1563 3249 1698 3305 1233
1732 3268 1785 3307 n.
1810 3249 1984 3320 2331).

404 3372 446 3432 4
2000 3373 2357 3439 Benevento
2400 3371 2805 3454 (1167—69)
2850 3369 2977 3434 dec.
3010 3366 3204 3450 2209)

406 3472 872 3538 Alexander
913 3474 1017 3539 HI
1061 3476 1375 3542 iudicibus
1407 3476 1605 3542 Vell.:
1653 3478 1944 3544 decernit
1986 3477 2069 3542 de
2115 3478 2540 3542 testamentis.

788 3603 837 3639 v.
865 3584 1118 3655 Veneni,
1155 3587 1305 3644 Eccl.
1341 3588 1593 3645 cathedr.
1628 3607 1681 3643 n.
1706 3589 1756 3644 3.

1616 3797 1624 3816 ⁸
1646 3831 2053 3899 ιιι-1111111111.

619 3969 988 4052 Larianum,
1036 3969 1362 4056 quondam
1410 3970 1693 4037 familiae
1728 3972 2057 4037 Colonnae
2103 3976 2401 4053 castrum,
2447 3991 2650 4056 prope
2681 3967 2985 4050 Velitras,
3030 3967 3288 4050 saepius

408 4072 471 4136 in
539 4071 776 4137 chartis
819 4073 1170 4139 Veliternis
1236 4077 1511 4140 occurrit
1578 4075 1686 4160 (cf.
1752 4075 1983 4142 Theuli
2048 4098 2111 4161 p.
2161 4075 2337 4159 253).
2439 4072 2786 4139 Duchesne
2842 4070 3010 4157 (Lib.
3056 4068 3283 4154 pontif.

405 4174 474 4238 Π
527 4179 651 4242 309
719 4183 849 4241 not.
893 4177 1002 4263 57)
1078 4184 1296 4264 putat,
1372 4180 1680 4264 oppidum
1749 4203 1798 4244 s.
1860 4179 2152 4244 Silvestri
2225 4180 2291 4244 in
2357 4178 2724 4261 Maritimis,
2800 4176 2880 4242 de
2950 4196 3076 4262 quo
3131 4175 3285 4239 Vita

405 4279 737 4347 Paschalis
781 4280 852 4344 H
896 4279 966 4366 (1.
1015 4303 1068 4346 c.
1101 4283 1171 4346 II
1217 4283 1391 4368 305),
1452 4283 1625 4348 idem
1680 4285 1875 4349 fuisse
1933 4306 2008 4349 ac
2058 4291 2337 4349 castrum
2391 4305 2452 4368 q.
2505 4303 2562 4346 v.
2618 4286 2847 4366 postea
2900 4280 3282 4355 Larianum;

404 4383 520 4449 sed
566 4383 646 4449 de
691 4385 814 4450 hac
859 4407 928 4450 re
977 4408 1100 4472 ego
1149 4386 1390 4452 dubito.
1480 4388 1791 4454 Eversum
1840 4389 1959 4453 fuit
2005 4412 2063 4455 a.
2100 4393 2260 4455 1434
2326 4386 2438 4471 (cf.
2474 4379 2682 4471 Coppi
2711 4386 2906 4450 Mem.
2941 4384 3284 4450 Colonnesi

402 4509 464 4572 p.
499 4487 676 4573 298).
769 4489 870 4554 De
917 4492 1056 4555 eius
1100 4492 1224 4555 situ
1271 4491 1350 4557 cf.
1397 4494 1595 4557 etiam
1638 4493 1720 4557 A.
1761 4492 2002 4580 Borgia
2057 4516 2119 4579 p.
2168 4496 2312 4557 212.
2362 4496 2506 4557 355.
2556 4493 2713 4566 369;
2772 4487 2988 4573 Nibby
3033 4487 3284 4553 Analisi

407 4593 434 4632 ²
465 4594 499 4657 I
539 4597 659 4658 241
691 4609 818 4681 sq.;
886 4596 1275 4663 Tomassetti
1320 4599 1384 4662 in
1428 4598 1624 4665 Arch.
1672 4599 1846 4664 della
1891 4597 2036 4664 Soc.
2082 4599 2270 4664 Rom.
2303 4598 2374 4661 II
2420 4594 2647 4683 (1879)
2698 4596 2853 4670 160;
2909 4591 3009 4656 IX
3054 4589 3284 4676 (1886)

403 4701 526 4762 415
559 4720 652 4784 sq.

403 4841 443 4899 1
2750 4839 2920 4904 1179
2964 4842 3079 4903 oct.
3114 4841 3197 4902 11

401 4941 855 5006 Alexander
898 4943 1004 5006 III
1066 4953 1392 5029 permutat
1442 4966 1586 5010 cum
1642 4945 1842 5010 nobili
1899 4947 2036 5011 viro
2080 4945 2375 5010 Rainone
2431 4945 2512 5010 de
2559 4943 2950 5025 Tusculano,
3015 4941 3175 5007 dans
3220 4942 3280 5004 ei

403 5043 486 5110 ad
545 5047 1006 5130 proprietatem
1068 5055 1344 5114 castrum
1390 5049 1674 5116 Normae
1737 5071 1880 5114 cum
1928 5070 2076 5114 arce
2124 5057 2191 5115 et
2227 5049 2546 5114 Viculum.
2642 5048 2855 5113 Raino
2902 5054 3125 5112 contra
3170 5044 3283 5110 dat

402 5156 678 5213 castrum
723 5148 983 5215 Lariani
1031 5173 1173 5216 cum
1220 5175 1387 5218 arce.

773 5279 823 5315 v.
859 5261 1051 5329 Roma,
1090 5261 1332 5321 Comites
1367 5265 1437 5320 de
1474 5265 1792 5320 Tusculano
1829 5283 1882 5320 n.
1911 5265 1990 5320 10.
