4055 6069
847 450 996 507 Mon.
1034 470 1075 506 s.
1104 451 1316 508 Mariae
1356 451 1667 508 Fallerense
1706 482 1769 491 -
1807 450 1953 507 Mon.
1989 468 2031 507 s.
2057 449 2314 507 Silvestri
2341 440 2407 506 ‘in
2443 449 2633 507 Monte
2671 450 2913 506 Soracte.
3204 452 3324 516 189

439 624 478 688 5
2355 625 2675 695 Laterano
2723 627 2892 689 1188
2934 630 3121 691 mart.
3157 631 3238 690 11

439 729 799 795 Clemens
853 732 957 795 III
1030 731 1320 797 Tebaldo
1388 732 1604 797 abbati
1683 740 1836 797 etc.:
1910 753 2079 797 mon.
2142 731 2515 796 Fallerense
2582 729 2665 795 ad
2743 731 3078 815 exemplar
3143 732 3326 797 Lucii

439 835 531 915 (n.
563 837 635 916 4)
694 835 810 899 sub
867 843 1072 920 apost.
1135 837 1533 920 protectione
1595 837 1858 921 suscipit
1916 845 1982 900 et
2026 836 2360 900 confirmat
2404 836 2728 921 regulam,
2777 837 3215 919 possessiones
3261 845 3328 902 et

444 940 602 1002 iura.
649 975 736 985 —
778 937 1180 1024 Religiosam
1225 940 1423 1004 vitam
1478 939 1881 1025 eligentibus,
1972 939 2114 1026 Ego
2171 940 2471 1005 Clemens
2526 946 2646 1004 etc.
2730 938 2982 1004 Subscr.
3036 944 3111 1004 12
3154 941 3324 1005 card.

439 1042 587 1106 Dat.
623 1043 765 1107 Lat.
812 1064 875 1127 p.
908 1064 992 1107 m.
1058 1044 1264 1127 Moysi
1310 1044 1454 1108 Lat.
1503 1065 1639 1108 can.
1688 1046 1893 1108 vicem
1939 1045 2192 1127 agentis
2222 1045 2608 1128 cancellarii,
2657 1050 2693 1108 5
2726 1044 2813 1107 id.
2853 1051 3056 1129 mart,
3105 1045 3231 1109 ind.
3266 1051 3325 1129 6,

440 1147 561 1212 inc.
610 1145 670 1211 d.
718 1169 777 1211 a.
815 1151 1001 1231 1187,
1048 1153 1222 1232 pont.
1269 1169 1327 1212 v,
1377 1147 1437 1212 d.
1486 1148 1836 1214 Clementis
1881 1171 1987 1234 pp.
2035 1148 2141 1212 III
2185 1170 2241 1213 a.
2283 1155 2336 1213 1.

653 1258 708 1312 B
740 1258 784 1325 f-
812 1267 919 1313 116.
958 1242 1040 1329 [c
1072 1276 1124 1316 ιι
1149 1260 1193 1328 f.
1212 1258 1290 1330 8].
1326 1289 1393 1300 -
1432 1258 1541 1315 Ed.
1570 1258 1707 1315 aaa.
1736 1260 1935 1314 Nachr.
1962 1265 2100 1315 1903
2126 1278 2184 1329 ρ.
2204 1269 2268 1315 45
2289 1277 2344 1316 n.
2367 1268 2431 1315 10
2456 1276 2523 1314 ωε
2542 1259 2605 1314 Β.
2637 1289 2695 1300 -
2727 1259 2894 1332 Reyq.
2923 1259 3188 1329 Pfluqffl.
3221 1262 3329 1315 πω·

433 1360 492 1413 p.
517 1351 613 1399 314
646 1362 701 1398 n.
732 1352 849 1400 869.
909 1346 1022 1401 JL.
1063 1353 1230 1401 16170.

1005 1622 1520 1691 nonasterium
1565 1640 1624 1691 s·
1656 1620 1993 1692 Silvestri
2038 1625 2114 1691 in
2159 1625 2397 1692 Monte
2442 1622 2762 1694 Soracte.

1684 1744 1828 1814 (San
1865 1744 2091 1813 Oreste)
2217 1780 2230 1803 ·

648 1865 832 1922 Mabi
850 1865 993 1920 llon
1028 1866 1169 1921 Ann.
1195 1867 1309 1921 ord.
1335 1886 1376 1921 s.
1402 1865 1695 1923 Benedicti
1722 1869 1744 1900 ²
1769 1867 1793 1921 1
1819 1867 1935 1922 153.
1962 1836 2027 1906 -ἶ
2054 1866 2117 1921 Α.
2141 1866 2302 1937 Degli
2331 1865 2585 1922 Effetti
2611 1866 2874 1923 Memorie
2901 1867 2958 1922 di
2985 1867 3037 1923 S.
3063 1867 3329 1924 Nonnoso

444 1953 652 2008 abbate
688 1952 777 2009 del
815 1952 1037 2009 Soratte
1073 1952 1415 2026 (De’borghi
1451 1953 1510 2008 di
1547 1953 1744 2022 Roma)
1781 1970 1811 2007 e
1850 1952 2147 2023 de'luoghi
2173 1951 2449 2008 convicini
2486 1969 2518 2008 e
2542 1952 2659 2007 loro
2684 1953 3003 2023 pertinenze
3042 1955 3128 2021 (In
3152 1955 3331 2010 Roma

447 2041 619 2107 1675).
671 2070 736 2080 ——
776 2039 1001 2094 Lubin
1045 2058 1100 2111 p.
1125 2040 1243 2096 238.
1283 2071 1346 2081 -
1385 2040 1621 2111 Nibby
1659 2039 1876 2096 Analisi
1914 2043 1936 2074 ²
1961 2040 2043 2095 111
2083 2040 2183 2097 103
2202 2057 2282 2108 sq.
2321 2071 2388 2079 —
2424 2040 2847 2096 Tomassetti
2882 2040 2940 2095 in
2979 2040 3141 2096 Arch.
3179 2042 3331 2098 della

449 2128 566 2182 Soc.
604 2126 760 2181 Rom.
787 2125 892 2180 VII
931 2127 1110 2195 (1884)
1144 2127 1247 2183 380
1266 2145 1346 2196 sq.
1695 2116 1705 2127 ’

660 2283 1082 2350 Celeberrimi
1111 2285 1483 2349 monasterii
1514 2306 1563 2349 s.
1590 2283 1902 2368 Silvestri,
1950 2271 2124 2369 quod
2155 2286 2536 2349 memoriam
2567 2284 2856 2349 Silvestri
2887 2286 2919 2349 I
2952 2288 3013 2349 in
3044 2294 3331 2352 montem

445 2388 710 2455 Soracte
756 2388 1060 2475 fugientis
1114 2395 1484 2474 conservat,
1541 2390 1815 2473 primam
1862 2390 2158 2453 notitiam
2214 2389 2570 2453 invenimus
2628 2389 2694 2452 in
2739 2388 3038 2475 Gregorii
3081 2390 3116 2454 I
3160 2390 3328 2455 Dial.

444 2493 551 2557 lib.
586 2494 619 2557 I
665 2514 718 2557 c.
754 2498 812 2576 7,
881 2492 990 2558 ubi
1047 2491 1128 2557 de
1184 2491 1494 2557 Nonnoso
1559 2495 1927 2577 praeposito
1989 2493 2396 2573 monasterii,
2444 2491 2618 2577 quod
2675 2494 2741 2556 in
2786 2493 3067 2558 Soractis
3111 2501 3329 2559 monte

444 2599 634 2661 situm
702 2603 832 2677 est,
899 2595 1267 2682 loquitur.²)
1352 2597 1417 2659 A
1474 2594 1788 2681 Gregorio
1835 2595 1933 2659 IV
1996 2594 2168 2681 (Lib.
2229 2596 2454 2680 pontif.
2513 2595 2614 2660 ed.
2669 2595 3012 2661 Duchesne
3064 2596 3134 2660 H
3199 2597 3330 2684 75),

444 2702 666 2777 Leone
712 2699 809 2765 IV
863 2698 934 2786 (l.
982 2722 1035 2766 c.
1082 2699 1151 2763 II
1204 2699 1354 2785 111)
1408 2705 1476 2764 et
1528 2698 1857 2784 Stephano
1902 2699 1962 2762 V
2024 2700 2094 2784 (1.
2144 2720 2196 2763 c.
2244 2699 2314 2762 H
2364 2699 2514 2785 195)
2560 2698 2878 2785 dotatum,
2939 2701 3328 2786 peculiarem

445 2806 682 2870 famam
731 2804 1031 2890 obtinuit,
1089 2803 1345 2889 quando
1394 2802 1876 2887 Carlomannus,
1922 2803 2317 2868 Francorum
2361 2804 2688 2888 princeps,
2733 2804 2820 2869 ibi
2865 2806 3064 2870 vitam
3108 2826 3331 2869 mona-

447 2912 672 2975 sticam
730 2908 1057 2994 professus
1115 2914 1231 2974 est.
1334 2909 1399 2972 A
1441 2908 1648 2973 Paulo
1681 2908 1715 2970 I
1769 2908 2049 2992 Pippino
2108 2909 2246 2993 regi
2291 2907 2685 2972 Francorum
2732 2910 3038 2993 primum,
3097 2907 3331 2973 deinde

447 3015 836 3080 monasterio
882 3036 930 3078 s.
965 3012 1256 3079 Silvestri
1302 3012 1382 3078 de
1427 3011 1605 3078 Urbe
1653 3034 2056 3096 concessum,
2102 3032 2271 3078 saec.
2303 3011 2368 3076 X
2419 3011 2501 3076 ab
2545 3011 2849 3078 Alberico
2894 3012 3334 3079 Romanorum

445 3121 732 3204 principe
780 3119 896 3183 sub
941 3120 1163 3184 Leone
1211 3118 1447 3183 abbate
1493 3124 1941 3201 restauratiun,
1988 3125 2136 3202 post
2166 3117 2368 3182 multa
2401 3116 2785 3202 discrimina,
2834 3139 2999 3202 quae
3032 3138 3332 3184 enarrare

445 3224 708 3308 longum
755 3229 873 3307 est,
918 3224 1165 3287 unitum
1210 3223 1330 3286 fuit
1373 3223 1763 3287 monasterio
1810 3244 1858 3286 s.
1891 3223 2080 3287 Pauli
2127 3221 2208 3287 de
2239 3221 2416 3287 Urbe
2462 3242 2589 3285 una
2635 3243 2775 3286 cum
2822 3222 2965 3286 aliis
3010 3222 3334 3288 coenobiis

447 3329 512 3391 in
554 3333 774 3392 monte
820 3325 1086 3391 Soracte
1133 3327 1492 3391 constitutis
1536 3323 1645 3409 (cf.
1695 3326 1964 3391 Galletti
2008 3326 2133 3390 Del
2181 3326 2521 3410 primicero
2568 3347 2629 3410 p.
2665 3328 2789 3388 220
2835 3334 2965 3391 not.
3001 3326 3088 3413 4).

660 3432 938 3498 Notatur
985 3452 1239 3517 quoque
1284 3430 1456 3516 apud
1503 3429 1810 3496 Cencium
1856 3452 1909 3495 c.
1950 3434 2024 3495 19
2071 3429 2708 3514 (Fabre-Duchesne
2755 3430 2787 3492 I
2833 3430 3015 3514 243):
3068 3431 3334 3515 „Mona-

447 3538 711 3603 sterium
756 3557 805 3600 s.
839 3534 1131 3601 Silvestri
1176 3537 1242 3599 in
1286 3542 1504 3600 monte
1552 3534 1857 3601 Soracte“
1910 3532 2086 3621 [iuris
2131 3556 2179 3597 s.
2213 3535 2393 3599 Petri
2439 3532 2581 3620 estj.

662 3708 1068 3774 Documenta
1125 3709 1497 3773 monasterii
1551 3729 1599 3770 s.
1641 3706 1929 3772 Silvestri
1995 3707 2380 3771 transierunt
2432 3704 2516 3769 ad
2561 3705 2889 3770 archivum
2935 3726 2985 3768 s.
3016 3704 3207 3770 Pauli
3252 3704 3332 3771 de

445 3814 643 3880 Urbe.
738 3812 868 3878 Sed
915 3814 1277 3898 antiquiora
1333 3813 1592 3876 omnino
1653 3810 2117 3876 desiderantur.
2206 3809 2308 3874 Ex
2352 3811 2602 3894 paucis,
2660 3830 2824 3894 quae
2872 3816 3333 3892 remanserunt,

449 3917 856 4003 privilegium
923 3917 1387 4002 amplissimum
1458 3938 1497 3980 a
1549 3915 1820 3980 Nicolao
1874 3914 1973 3979 IV
2039 3913 2258 3979 abbati
2326 3936 2374 3978 s.
2415 3912 2720 3978 Andreae
2784 3915 2849 3977 in
2905 3912 3200 3978 Flumine
3268 3920 3335 3977 et

450 4044 499 4087 s.
534 4022 824 4088 Silvestri
884 4023 965 4087 de
1022 4028 1239 4086 monte
1297 4018 1562 4086 Soracte
1621 4040 1992 4084 concessum
2048 4019 2266 4104 magni
2319 4019 2508 4102 pretii
2566 4023 2665 4082 est
2717 4016 2847 4102 (ed.
2898 4015 3164 4082 Galletti
3206 4017 3334 4082 Del

452 4128 791 4211 primicero
851 4149 913 4211 p.
950 4131 1072 4190 347
1118 4148 1179 4190 n.
1215 4129 1325 4201 74;
1381 4125 1460 4189 cf.
1507 4124 1809 4189 Potthast
1855 4122 2023 4208 Reg.
2072 4127 2312 4200 239453
2361 4123 2668 4208 Langlois
2724 4122 2854 4187 Les
2900 4123 3207 4205 registres
3251 4121 3332 4185 de

447 4229 712 4295 Nicolas
756 4230 851 4294 IV
896 4251 959 4313 p.
1000 4233 1159 4294 1044
1205 4251 1267 4293 n.
1304 4226 1535 4312 7650)..

446 4386 524 4448 *1
2874 4382 3216 4445 498—514

455 4489 997 4576 „Symmachus
1040 4510 1233 4574 papa,
1281 4488 1548 4553 audiens
1594 4487 1676 4553 de
1722 4494 1943 4553 sancto
1989 4489 2126 4551 viro
2173 4486 2508 4569 (Nonnoso
2550 4485 2816 4568 abbate),
2845 4382 3063 4549 (totum
3110 4383 3335 4568 agr)um

449 4595 915 4678 Transpaitano
963 4613 1108 4656 cum
1153 4592 1395 4657 colonis
1444 4600 1512 4657 et
1553 4592 1825 4656 colonae
1871 4590 2160 4656 hibidem
2204 4588 2594 4655 abitantibus
2640 4595 2707 4653 et
2750 4587 3175 4653 residentibus
3221 4611 3337 4674 per

449 4700 972 4783 praeceptionem
1017 4695 1303 4761 hibidem
1349 4697 1736 4761 constituere
1784 4697 1847 4759 in
1880 4696 2311 4779 superscripta
2344 4692 2656 4758 ecclesia“
2691 4699 2884 4775 (mon.
2914 4713 2964 4756 s.
2997 4691 3333 4777 Silvestri).

831 4870 867 4936 ¹)
915 4867 1055 4923 Sunt
1090 4868 1188 4936 qui
1224 4866 1545 4938 Gregorii
1582 4867 1607 4921 1
1657 4867 1956 4938 epistolam
2005 4866 2167 4938 (Reg.
2203 4865 2304 4920 lib.
2340 4866 2365 4920 1
2404 4883 2491 4936 ep.
2516 4865 2598 4920 23.
2635 4864 2687 4919 J.
2725 4865 2843 4920 727.
2878 4863 2974 4919 JE.
3013 4864 3200 4932 1091),
3236 4863 3335 4919 ubi

651 4954 863 5010 mentio
918 4954 980 5010 fit
1033 4955 1359 5011 monasterii
1413 4973 1455 5008 s.
1481 4955 1766 5022 Herasmi,
1823 4954 1971 5023 quod
2026 4953 2082 5007 in
2138 4953 2317 5008 latere
2363 4950 2568 5006 montis
2606 4951 2851 5020 Repperi
2887 4950 3057 5005 situm
3092 4951 3202 5015 est,
3262 4949 3335 5004 ad

653 5041 1048 5097 monasterium
1093 5041 1151 5096 in
1196 5044 1384 5096 monte
1429 5040 1657 5096 Soracte
1703 5041 1976 5105 referunt,
2032 5038 2318 5094 codicibus
2369 5036 2539 5092 variis
2588 5036 2789 5103 innixi,
2844 5036 2901 5091 in
2954 5035 3159 5105 quibus
3211 5036 3336 5092 loco

657 5126 963 5198 ¹‚Repperi“
1005 5127 1216 5198 legitur
1257 5127 1559 5197 „Serapti“.
1631 5126 1837 5181 Verum
1873 5126 1947 5181 ad
1983 5125 2381 5180 monasterium
2417 5123 2695 5194 quoddam
2734 5122 2792 5177 in
2820 5121 3131 5194 Campania
3165 5121 3337 5178 situm

588 5207 593 5210 ”
654 5213 1001 5271 referendum
1039 5232 1173 5281 esse,
1210 5232 1276 5271 ex
1314 5215 1438 5284 ipsa
1474 5214 1717 5284 epistola
1752 5213 1891 5269 satis
1926 5217 2184 5284 apparet.
