<?xml version="1.0" encoding="UTF-8"?>
<!DOCTYPE html PUBLIC "-//W3C//DTD XHTML 1.0 Transitional//EN"
    "http://www.w3.org/TR/xhtml1/DTD/xhtml1-transitional.dtd">
<html xmlns="http://www.w3.org/1999/xhtml" xml:lang="en" lang="en">
 <head>
  <title>
</title>
<meta http-equiv="Content-Type" content="text/html;charset=utf-8" />
  <meta name='ocr-system' content='tesseract 3.04.00' />
  <meta name='ocr-capabilities' content='ocr_page ocr_carea ocr_par ocr_line ocrx_word'/>
</head>
<body>
  <div class='ocr_page' id='page_1' title='image "./italiapontifici00gtgoog_0045.png"; bbox 0 0 4055 6069; ppageno 0'>
   <div class='ocr_carea' id='block_1_1' title="bbox 620 475 2169 539">
    <p class='ocr_par' dir='ltr' id='par_1_1' title="bbox 620 475 2169 539">
     <span class='ocr_line' id='line_1_1' title="bbox 620 475 2169 539; baseline -0.006 0"><span class='ocrx_word' id='word_1_1' title='bbox 620 480 639 539; x_wconf 82' lang='grc'><em>1</em></span> <span class='ocrx_word' id='word_1_2' title='bbox 658 478 696 539; x_wconf 82' lang='grc'><strong>2</strong></span> <span class='ocrx_word' id='word_1_3' title='bbox 1930 475 2169 531; x_wconf 83' lang='lat' dir='ltr'>Latium.</span> 
     </span>
    </p>
   </div>
   <div class='ocr_carea' id='block_1_2' title="bbox 610 648 3497 1163">
    <p class='ocr_par' dir='ltr' id='par_1_2' title="bbox 610 648 3497 1163">
     <span class='ocr_line' id='line_1_2' title="bbox 610 648 3407 735; baseline 0.002 -24"><span class='ocrx_word' id='word_1_4' title='bbox 610 648 735 712; x_wconf 73' lang='grc'>*11</span> <span class='ocrx_word' id='word_1_5' title='bbox 3045 653 3407 735; x_wconf 83' lang='grc'><em>(715-31)</em></span> 
     </span>
     <span class='ocr_line' id='line_1_3' title="bbox 614 752 3492 843; baseline 0.001 -26"><span class='ocrx_word' id='word_1_6' title='bbox 614 752 1045 837; x_wconf 83' lang='lat' dir='ltr'>Gregorius</span> <span class='ocrx_word' id='word_1_7' title='bbox 1088 753 1158 816; x_wconf 93' lang='lat' dir='ltr'>II</span> <span class='ocrx_word' id='word_1_8' title='bbox 1221 754 1393 819; x_wconf 92' lang='lat' dir='ltr'>locat</span> <span class='ocrx_word' id='word_1_9' title='bbox 1448 756 1655 820; x_wconf 80' lang='lat' dir='ltr'>Leoni</span> <span class='ocrx_word' id='word_1_10' title='bbox 1699 757 1951 820; x_wconf 87' lang='lat' dir='ltr'>notario</span> <span class='ocrx_word' id='word_1_11' title='bbox 1997 761 2065 821; x_wconf 90' lang='lat' dir='ltr'>et</span> <span class='ocrx_word' id='word_1_12' title='bbox 2108 757 2421 821; x_wconf 88' lang='lat' dir='ltr'>Leontiae</span> <span class='ocrx_word' id='word_1_13' title='bbox 2466 756 2785 842; x_wconf 85' lang='lat' dir='ltr'>iugalibus</span> <span class='ocrx_word' id='word_1_14' title='bbox 2830 779 3180 843; x_wconf 91' lang='lat' dir='ltr'>eorumque</span> <span class='ocrx_word' id='word_1_15' title='bbox 3224 758 3371 821; x_wconf 91' lang='lat' dir='ltr'>filiis</span> <span class='ocrx_word' id='word_1_16' title='bbox 3416 779 3492 822; x_wconf 91' lang='lat' dir='ltr'>ac</span> 
     </span>
     <span class='ocr_line' id='line_1_4' title="bbox 614 855 3491 947; baseline 0.002 -28"><span class='ocrx_word' id='word_1_17' title='bbox 614 856 953 940; x_wconf 83' lang='lat' dir='ltr'>nepotibus</span> <span class='ocrx_word' id='word_1_18' title='bbox 1000 855 1265 921; x_wconf 85' lang='lat' dir='ltr'>fundum</span> <span class='ocrx_word' id='word_1_19' title='bbox 1308 858 1797 942; x_wconf 86' lang='lat' dir='ltr'>Ripacesarium</span> <span class='ocrx_word' id='word_1_20' title='bbox 1845 881 1989 923; x_wconf 95' lang='lat' dir='ltr'>cum</span> <span class='ocrx_word' id='word_1_21' title='bbox 2037 861 2231 943; x_wconf 85' lang='lat' dir='ltr'>silvis,</span> <span class='ocrx_word' id='word_1_22' title='bbox 2275 860 2668 947; x_wconf 89' lang='lat' dir='ltr'>glandaretis</span> <span class='ocrx_word' id='word_1_23' title='bbox 2713 868 2781 927; x_wconf 95' lang='lat' dir='ltr'>et</span> <span class='ocrx_word' id='word_1_24' title='bbox 2826 864 3010 928; x_wconf 88' lang='lat' dir='ltr'>terris</span> <span class='ocrx_word' id='word_1_25' title='bbox 3056 861 3491 944; x_wconf 86' lang='lat' dir='ltr'>sationalibus,</span> 
     </span>
     <span class='ocr_line' id='line_1_5' title="bbox 615 961 3490 1050; baseline 0.002 -27"><span class='ocrx_word' id='word_1_26' title='bbox 615 961 807 1024; x_wconf 88' lang='lat' dir='ltr'>situm</span> <span class='ocrx_word' id='word_1_27' title='bbox 834 962 939 1024; x_wconf 84' lang='lat' dir='ltr'>via</span> <span class='ocrx_word' id='word_1_28' title='bbox 967 961 1237 1026; x_wconf 88' lang='lat' dir='ltr'>Aurelia</span> <span class='ocrx_word' id='word_1_29' title='bbox 1281 962 1412 1026; x_wconf 91' lang='lat' dir='ltr'>mil.</span> <span class='ocrx_word' id='word_1_30' title='bbox 1454 963 1598 1046; x_wconf 88' lang='lat' dir='ltr'>plus</span> <span class='ocrx_word' id='word_1_31' title='bbox 1636 965 1845 1027; x_wconf 88' lang='lat' dir='ltr'>minus</span> <span class='ocrx_word' id='word_1_32' title='bbox 1876 963 1961 1048; x_wconf 91' lang='lat' dir='ltr'>X,</span> <span class='ocrx_word' id='word_1_33' title='bbox 2008 985 2092 1029; x_wconf 81' lang='lat' dir='ltr'>ex</span> <span class='ocrx_word' id='word_1_34' title='bbox 2123 985 2391 1049; x_wconf 91' lang='lat' dir='ltr'>corpore</span> <span class='ocrx_word' id='word_1_35' title='bbox 2423 964 2770 1030; x_wconf 78' lang='lat' dir='ltr'>suburbani</span> <span class='ocrx_word' id='word_1_36' title='bbox 2801 967 3167 1050; x_wconf 81' lang='lat' dir='ltr'>patrimonii</span> <span class='ocrx_word' id='word_1_37' title='bbox 3199 966 3490 1031; x_wconf 82' lang='lat' dir='ltr'>Tusciae.</span> 
     </span>
     <span class='ocr_line' id='line_1_6' title="bbox 824 1088 3497 1163; baseline 0.002 -20"><span class='ocrx_word' id='word_1_38' title='bbox 824 1088 1119 1144; x_wconf 69' lang='lat' dir='ltr'>Deusdcdt&#39;t</span> <span class='ocrx_word' id='word_1_39' title='bbox 1170 1090 1256 1144; x_wconf 74' lang='lat' dir='ltr'>lib.</span> <span class='ocrx_word' id='word_1_40' title='bbox 1294 1091 1405 1145; x_wconf 91' lang='grc' dir='ltr'>ΙΙΙ</span> <span class='ocrx_word' id='word_1_41' title='bbox 1429 1107 1471 1146; x_wconf 84' lang='lat' dir='ltr'>c.</span> <span class='ocrx_word' id='word_1_42' title='bbox 1511 1098 1612 1147; x_wconf 82' lang='lat'>220</span> <span class='ocrx_word' id='word_1_43' title='bbox 1648 1092 1798 1163; x_wconf 82' lang='lat'><em>[149]</em></span> <span class='ocrx_word' id='word_1_44' title='bbox 1833 1108 1898 1147; x_wconf 72' lang='lat' dir='ltr'>ex</span> <span class='ocrx_word' id='word_1_45' title='bbox 1930 1093 2156 1162; x_wconf 71' lang='lat' dir='ltr'>reyistro</span> <span class='ocrx_word' id='word_1_46' title='bbox 2198 1093 2439 1162; x_wconf 76' lang='lat' dir='ltr'>Greyorii</span> <span class='ocrx_word' id='word_1_47' title='bbox 2474 1093 2708 1148; x_wconf 69' lang='lat' dir='ltr'>iunioris</span> <span class='ocrx_word' id='word_1_48' title='bbox 2744 1094 2884 1160; x_wconf 79' lang='lat' dir='ltr'>(edd.</span> <span class='ocrx_word' id='word_1_49' title='bbox 2925 1095 3257 1150; x_wconf 74' lang='lat' dir='ltr'>Martinuoei</span> <span class='ocrx_word' id='word_1_50' title='bbox 3283 1111 3341 1163; x_wconf 77' lang='lat' dir='ltr'>p.</span> <span class='ocrx_word' id='word_1_51' title='bbox 3367 1100 3497 1161; x_wconf 82' lang='lat'>323,-</span> 
     </span>
    </p>
   </div>
   <div class='ocr_carea' id='block_1_3' title="bbox 616 1174 3491 1332">
    <p class='ocr_par' dir='ltr' id='par_1_3' title="bbox 616 1174 3491 1332">
     <span class='ocr_line' id='line_1_7' title="bbox 627 1174 3491 1251; baseline 0.002 -22"><span class='ocrx_word' id='word_1_52' title='bbox 627 1174 785 1242; x_wconf 79' lang='lat' dir='ltr'>Wolf</span> <span class='ocrx_word' id='word_1_53' title='bbox 806 1193 851 1231; x_wconf 83' lang='lat' dir='ltr'>v.</span> <span class='ocrx_word' id='word_1_54' title='bbox 887 1175 1131 1231; x_wconf 76' lang='lat' dir='ltr'>Glanvell</span> <span class='ocrx_word' id='word_1_55' title='bbox 1162 1193 1221 1245; x_wconf 76' lang='lat' dir='ltr'>p.</span> <span class='ocrx_word' id='word_1_56' title='bbox 1250 1181 1389 1245; x_wconf 85' lang='lat'>366).</span> <span class='ocrx_word' id='word_1_57' title='bbox 1445 1178 1681 1234; x_wconf 73' lang='lat' dir='ltr'>Albinus</span> <span class='ocrx_word' id='word_1_58' title='bbox 1716 1180 1804 1235; x_wconf 75' lang='lat' dir='ltr'>lib.</span> <span class='ocrx_word' id='word_1_59' title='bbox 1832 1179 1895 1233; x_wconf 91' lang='lat' dir='ltr'>X</span> <span class='ocrx_word' id='word_1_60' title='bbox 1926 1186 2079 1235; x_wconf 60' lang='lat'>1230.</span> <span class='ocrx_word' id='word_1_61' title='bbox 2141 1179 2359 1235; x_wconf 65' lang='lat' dir='ltr'>cencius</span> <span class='ocrx_word' id='word_1_62' title='bbox 2393 1196 2437 1235; x_wconf 88' lang='lat' dir='ltr'>c.</span> <span class='ocrx_word' id='word_1_63' title='bbox 2468 1189 2523 1236; x_wconf 84' lang='lat'>71</span> <span class='ocrx_word' id='word_1_64' title='bbox 2556 1180 2659 1250; x_wconf 80' lang='lat' dir='ltr'>(ed.</span> <span class='ocrx_word' id='word_1_65' title='bbox 2687 1181 3168 1237; x_wconf 67' lang='lat' dir='ltr'>Fabre-Duchesne</span> <span class='ocrx_word' id='word_1_66' title='bbox 3201 1181 3387 1251; x_wconf 83' lang='lat'><em>1351).</em></span> <span class='ocrx_word' id='word_1_67' title='bbox 3425 1211 3491 1221; x_wconf 88' lang='lat'>—</span> 
     </span>
     <span class='ocr_line' id='line_1_8' title="bbox 616 1262 1384 1332; baseline 0.003 -14"><span class='ocrx_word' id='word_1_68' title='bbox 616 1262 773 1332; x_wconf 60' lang='lat' dir='ltr'>Rem.</span> <span class='ocrx_word' id='word_1_69' title='bbox 809 1262 863 1318; x_wconf 89' lang='lat' dir='ltr'>J.</span> <span class='ocrx_word' id='word_1_70' title='bbox 900 1270 1047 1319; x_wconf 79' lang='lat'>1684.</span> <span class='ocrx_word' id='word_1_71' title='bbox 1084 1263 1202 1318; x_wconf 86' lang='lat' dir='ltr'>JE.</span> <span class='ocrx_word' id='word_1_72' title='bbox 1239 1270 1384 1320; x_wconf 80' lang='lat'>2196.</span> 
     </span>
    </p>
   </div>
   <div class='ocr_carea' id='block_1_4' title="bbox 615 1358 3494 1656">
    <p class='ocr_par' dir='ltr' id='par_1_4' title="bbox 615 1358 3494 1656">
     <span class='ocr_line' id='line_1_9' title="bbox 993 1358 1860 1416; baseline 0.002 -2"><span class='ocrx_word' id='word_1_73' title='bbox 993 1358 1060 1414; x_wconf 85' lang='lat' dir='ltr'>cf.</span> <span class='ocrx_word' id='word_1_74' title='bbox 1097 1358 1440 1416; x_wconf 82' lang='lat' dir='ltr'>Tomassetti</span> <span class='ocrx_word' id='word_1_75' title='bbox 1474 1360 1513 1415; x_wconf 94' lang='lat' dir='ltr'>l.</span> <span class='ocrx_word' id='word_1_76' title='bbox 1551 1378 1597 1416; x_wconf 87' lang='lat' dir='ltr'>c.</span> <span class='ocrx_word' id='word_1_77' title='bbox 1624 1361 1705 1415; x_wconf 93' lang='lat'>111</span> <span class='ocrx_word' id='word_1_78' title='bbox 1740 1361 1860 1416; x_wconf 79' lang='lat'>325.</span> 
     </span>
     <span class='ocr_line' id='line_1_10' title="bbox 615 1457 3404 1550; baseline 0.001 -25"><span class='ocrx_word' id='word_1_79' title='bbox 615 1461 740 1526; x_wconf 76' lang='lat'>*12</span> <span class='ocrx_word' id='word_1_80' title='bbox 2432 1457 2435 1460; x_wconf 81' lang='grc'><strong><em>’</em></strong></span> <span class='ocrx_word' id='word_1_81' title='bbox 3044 1466 3404 1550; x_wconf 83' lang='lat'><em>(715-31)</em></span> 
     </span>
     <span class='ocr_line' id='line_1_11' title="bbox 617 1566 3494 1656; baseline 0.002 -25"><span class='ocrx_word' id='word_1_82' title='bbox 617 1566 1065 1653; x_wconf 86' lang='lat' dir='ltr'>Gregorius</span> <span class='ocrx_word' id='word_1_83' title='bbox 1108 1569 1179 1633; x_wconf 91' lang='lat'>11</span> <span class='ocrx_word' id='word_1_84' title='bbox 1235 1570 1408 1634; x_wconf 87' lang='lat' dir='ltr'>locat</span> <span class='ocrx_word' id='word_1_85' title='bbox 1450 1568 1831 1635; x_wconf 78' lang='lat' dir='ltr'>Exhilarato</span> <span class='ocrx_word' id='word_1_86' title='bbox 1883 1577 1951 1636; x_wconf 87' lang='lat' dir='ltr'>et</span> <span class='ocrx_word' id='word_1_87' title='bbox 2003 1570 2333 1636; x_wconf 88' lang='lat' dir='ltr'>Gaudioso</span> <span class='ocrx_word' id='word_1_88' title='bbox 2397 1572 2609 1637; x_wconf 88' lang='lat' dir='ltr'>casale</span> <span class='ocrx_word' id='word_1_89' title='bbox 2668 1572 2970 1638; x_wconf 91' lang='lat' dir='ltr'>Pondera</span> <span class='ocrx_word' id='word_1_90' title='bbox 3023 1572 3366 1656; x_wconf 87' lang='lat' dir='ltr'>Agellione</span> <span class='ocrx_word' id='word_1_91' title='bbox 3427 1577 3494 1638; x_wconf 87' lang='lat' dir='ltr'>et</span> 
     </span>
    </p>
   </div>
   <div class='ocr_carea' id='block_1_5' title="bbox 618 1671 3491 1864">
    <p class='ocr_par' dir='ltr' id='par_1_5' title="bbox 618 1671 3491 1864">
     <span class='ocr_line' id='line_1_12' title="bbox 618 1671 3491 1761; baseline 0.002 -26"><span class='ocrx_word' id='word_1_92' title='bbox 618 1671 830 1737; x_wconf 88' lang='lat' dir='ltr'>casale</span> <span class='ocrx_word' id='word_1_93' title='bbox 899 1671 1401 1757; x_wconf 88' lang='lat' dir='ltr'>Pompeianum,</span> <span class='ocrx_word' id='word_1_94' title='bbox 1470 1674 1846 1739; x_wconf 84' lang='lat' dir='ltr'>Caleianum</span> <span class='ocrx_word' id='word_1_95' title='bbox 1914 1681 1981 1740; x_wconf 87' lang='lat' dir='ltr'>et</span> <span class='ocrx_word' id='word_1_96' title='bbox 2039 1676 2305 1741; x_wconf 89' lang='lat' dir='ltr'>fundum</span> <span class='ocrx_word' id='word_1_97' title='bbox 2349 1675 2696 1761; x_wconf 75' lang='lat' dir='ltr'>Fortunae,</span> <span class='ocrx_word' id='word_1_98' title='bbox 2761 1698 2896 1761; x_wconf 88' lang='lat' dir='ltr'>pos.</span> <span class='ocrx_word' id='word_1_99' title='bbox 2957 1677 3276 1742; x_wconf 87' lang='lat' dir='ltr'>territorio</span> <span class='ocrx_word' id='word_1_100' title='bbox 3320 1675 3491 1741; x_wconf 87' lang='lat' dir='ltr'>Foro</span> 
     </span>
     <span class='ocr_line' id='line_1_13' title="bbox 619 1775 2093 1864; baseline 0.003 -24"><span class='ocrx_word' id='word_1_101' title='bbox 619 1775 1010 1862; x_wconf 80' lang='lat' dir='ltr'>Claudiensi,</span> <span class='ocrx_word' id='word_1_102' title='bbox 1057 1799 1143 1843; x_wconf 84' lang='lat' dir='ltr'>ex</span> <span class='ocrx_word' id='word_1_103' title='bbox 1187 1799 1454 1864; x_wconf 86' lang='lat' dir='ltr'>corpore</span> <span class='ocrx_word' id='word_1_104' title='bbox 1501 1800 1753 1845; x_wconf 82' lang='lat' dir='ltr'>massae</span> <span class='ocrx_word' id='word_1_105' title='bbox 1799 1780 2093 1845; x_wconf 81' lang='lat' dir='ltr'>Tusciae.</span> 
     </span>
    </p>
   </div>
   <div class='ocr_carea' id='block_1_6' title="bbox 822 1904 3495 1980">
    <p class='ocr_par' dir='ltr' id='par_1_6' title="bbox 822 1904 3495 1980">
     <span class='ocr_line' id='line_1_14' title="bbox 822 1904 3495 1980; baseline 0.001 -21"><span class='ocrx_word' id='word_1_106' title='bbox 822 1904 1121 1960; x_wconf 75' lang='lat' dir='ltr'>Deusdedit</span> <span class='ocrx_word' id='word_1_107' title='bbox 1156 1906 1244 1962; x_wconf 80' lang='lat' dir='ltr'>zib.</span> <span class='ocrx_word' id='word_1_108' title='bbox 1285 1907 1395 1960; x_wconf 89' lang='lat' dir='ltr'>HI</span> <span class='ocrx_word' id='word_1_109' title='bbox 1421 1923 1463 1962; x_wconf 87' lang='lat' dir='ltr'>c.</span> <span class='ocrx_word' id='word_1_110' title='bbox 1503 1913 1596 1963; x_wconf 80' lang='lat'>215</span> <span class='ocrx_word' id='word_1_111' title='bbox 1631 1908 1786 1978; x_wconf 79' lang='lat'><em>[149]</em></span> <span class='ocrx_word' id='word_1_112' title='bbox 1833 1924 1902 1963; x_wconf 77' lang='lat' dir='ltr'>ex</span> <span class='ocrx_word' id='word_1_113' title='bbox 1933 1910 2156 1978; x_wconf 73' lang='lat' dir='ltr'>reyistro</span> <span class='ocrx_word' id='word_1_114' title='bbox 2195 1909 2438 1980; x_wconf 64' lang='grc' dir='ltr'>ἅτερον-ἥ</span> <span class='ocrx_word' id='word_1_115' title='bbox 2472 1908 2708 1964; x_wconf 59' lang='lat' dir='ltr'>iunioris</span> <span class='ocrx_word' id='word_1_116' title='bbox 2744 1907 2884 1976; x_wconf 72' lang='lat' dir='ltr'>(edd.</span> <span class='ocrx_word' id='word_1_117' title='bbox 2923 1908 3259 1963; x_wconf 57' lang='lat' dir='ltr'>Marta-uoci</span> <span class='ocrx_word' id='word_1_118' title='bbox 3286 1926 3345 1978; x_wconf 82' lang='lat' dir='ltr'>p.</span> <span class='ocrx_word' id='word_1_119' title='bbox 3371 1914 3495 1976; x_wconf 74' lang='lat'>322,-</span> 
     </span>
    </p>
   </div>
   <div class='ocr_carea' id='block_1_7' title="bbox 618 1991 3495 2148">
    <p class='ocr_par' dir='ltr' id='par_1_7' title="bbox 618 1991 3495 2148">
     <span class='ocr_line' id='line_1_15' title="bbox 618 1991 3495 2148; baseline 0.002 -104"><span class='ocrx_word' id='word_1_120' title='bbox 618 1991 859 2148; x_wconf 45' lang='lat' dir='ltr'>Qf}</span> <span class='ocrx_word' id='word_1_121' title='bbox 889 1991 1218 2062; x_wconf 70' lang='lat' dir='ltr'>Glanvollp.</span> <span class='ocrx_word' id='word_1_122' title='bbox 1247 1993 1379 2063; x_wconf 83' lang='grc'><strong>365).</strong></span> <span class='ocrx_word' id='word_1_123' title='bbox 1434 1994 1669 2049; x_wconf 75' lang='lat' dir='ltr'>Albinus</span> <span class='ocrx_word' id='word_1_124' title='bbox 1703 1995 1788 2049; x_wconf 80' lang='lat' dir='ltr'>lib.</span> <span class='ocrx_word' id='word_1_125' title='bbox 1819 1995 1942 2051; x_wconf 87' lang='lat' dir='ltr'>Xc.</span> <span class='ocrx_word' id='word_1_126' title='bbox 1965 2002 2047 2051; x_wconf 88' lang='lat'>30.</span> <span class='ocrx_word' id='word_1_127' title='bbox 2106 1996 2336 2052; x_wconf 71' lang='lat' dir='ltr'>Oeneius</span> <span class='ocrx_word' id='word_1_128' title='bbox 2370 2013 2414 2052; x_wconf 87' lang='lat' dir='ltr'>c.</span> <span class='ocrx_word' id='word_1_129' title='bbox 2444 2004 2501 2051; x_wconf 81' lang='lat'>71</span> <span class='ocrx_word' id='word_1_130' title='bbox 2535 1996 2638 2063; x_wconf 78' lang='lat' dir='ltr'>(ed.</span> <span class='ocrx_word' id='word_1_131' title='bbox 2677 1995 2877 2050; x_wconf 67' lang='lat' dir='ltr'>Fabra-</span> <span class='ocrx_word' id='word_1_132' title='bbox 2879 1994 3164 2050; x_wconf 74' lang='lat' dir='ltr'>Duchesne</span> <span class='ocrx_word' id='word_1_133' title='bbox 3200 1995 3240 2049; x_wconf 92' lang='lat'><em>1</em></span> <span class='ocrx_word' id='word_1_134' title='bbox 3270 1998 3403 2064; x_wconf 85' lang='lat'>351).</span> <span class='ocrx_word' id='word_1_135' title='bbox 3427 2024 3495 2033; x_wconf 96' lang='lat'><strong>—</strong></span> 
     </span>
     <span class='ocr_line' id='line_1_16' title="bbox 768 2080 1369 2137; baseline 0.003 -2"><span class='ocrx_word' id='word_1_136' title='bbox 768 2123 779 2135; x_wconf 95' lang='lat'>.</span> <span class='ocrx_word' id='word_1_137' title='bbox 855 2119 869 2133; x_wconf 92' lang='lat'>.</span> <span class='ocrx_word' id='word_1_138' title='bbox 906 2086 1046 2135; x_wconf 83' lang='lat'>1679.</span> <span class='ocrx_word' id='word_1_139' title='bbox 1082 2080 1194 2136; x_wconf 81' lang='lat' dir='ltr'>JE&#39;.</span> <span class='ocrx_word' id='word_1_140' title='bbox 1230 2087 1369 2137; x_wconf 78' lang='lat'>2191.</span> 
     </span>
    </p>
   </div>
   <div class='ocr_carea' id='block_1_8' title="bbox 618 2174 3493 2575">
    <p class='ocr_par' dir='ltr' id='par_1_8' title="bbox 618 2174 3493 2575">
     <span class='ocr_line' id='line_1_17' title="bbox 997 2174 1904 2246; baseline 0.002 -16"><span class='ocrx_word' id='word_1_141' title='bbox 997 2174 1066 2231; x_wconf 82' lang='lat' dir='ltr'>cf.</span> <span class='ocrx_word' id='word_1_142' title='bbox 1103 2174 1446 2232; x_wconf 81' lang='lat' dir='ltr'>Tomassetti</span> <span class='ocrx_word' id='word_1_143' title='bbox 1479 2175 1518 2232; x_wconf 88' lang='lat'>1.</span> <span class='ocrx_word' id='word_1_144' title='bbox 1544 2194 1589 2232; x_wconf 87' lang='lat' dir='ltr'>c.</span> <span class='ocrx_word' id='word_1_145' title='bbox 1614 2174 1666 2231; x_wconf 86' lang='lat' dir='ltr'><strong>V</strong></span> <span class='ocrx_word' id='word_1_146' title='bbox 1706 2177 1801 2233; x_wconf 91' lang='lat'>111</span> <span class='ocrx_word' id='word_1_147' title='bbox 1822 2195 1904 2246; x_wconf 85' lang='lat' dir='ltr'>sq.</span> 
     </span>
     <span class='ocr_line' id='line_1_18' title="bbox 621 2278 3410 2364; baseline 0 -22"><span class='ocrx_word' id='word_1_148' title='bbox 621 2278 747 2342; x_wconf 73' lang='lat'>*13</span> <span class='ocrx_word' id='word_1_149' title='bbox 3048 2281 3410 2364; x_wconf 84' lang='lat'><em>(715—31)</em></span> 
     </span>
     <span class='ocr_line' id='line_1_19' title="bbox 620 2368 3493 2469; baseline 0 -21"><span class='ocrx_word' id='word_1_150' title='bbox 620 2382 1048 2469; x_wconf 81' lang='lat' dir='ltr'>Gregorius</span> <span class='ocrx_word' id='word_1_151' title='bbox 1091 2384 1162 2449; x_wconf 92' lang='lat'>11</span> <span class='ocrx_word' id='word_1_152' title='bbox 1205 2385 1378 2450; x_wconf 87' lang='lat' dir='ltr'>locat</span> <span class='ocrx_word' id='word_1_153' title='bbox 1419 2386 1807 2451; x_wconf 89' lang='lat' dir='ltr'>monasterio</span> <span class='ocrx_word' id='word_1_154' title='bbox 1864 2409 1914 2451; x_wconf 87' lang='lat' dir='ltr'>s.</span> <span class='ocrx_word' id='word_1_155' title='bbox 1962 2385 2253 2452; x_wconf 84' lang='lat' dir='ltr'>Silvestri</span> <span class='ocrx_word' id='word_1_156' title='bbox 2305 2388 2370 2451; x_wconf 92' lang='lat' dir='ltr'>in</span> <span class='ocrx_word' id='word_1_157' title='bbox 2413 2385 2636 2450; x_wconf 83' lang='lat' dir='ltr'>Monte</span> <span class='ocrx_word' id='word_1_158' title='bbox 2692 2384 2937 2450; x_wconf 84' lang='lat' dir='ltr'>Siracte</span> <span class='ocrx_word' id='word_1_159' title='bbox 2985 2385 3251 2449; x_wconf 85' lang='lat' dir='ltr'>fundum</span> <span class='ocrx_word' id='word_1_160' title='bbox 3298 2368 3493 2449; x_wconf 73' lang='lat' dir='ltr'>Scan-</span> 
     </span>
     <span class='ocr_line' id='line_1_20' title="bbox 618 2488 2630 2575; baseline 0.001 -24"><span class='ocrx_word' id='word_1_161' title='bbox 618 2489 863 2552; x_wconf 87' lang='lat' dir='ltr'>tianum</span> <span class='ocrx_word' id='word_1_162' title='bbox 909 2510 994 2554; x_wconf 80' lang='lat' dir='ltr'>ex</span> <span class='ocrx_word' id='word_1_163' title='bbox 1040 2509 1308 2574; x_wconf 91' lang='lat' dir='ltr'>corpore</span> <span class='ocrx_word' id='word_1_164' title='bbox 1352 2511 1602 2555; x_wconf 89' lang='lat' dir='ltr'>massae</span> <span class='ocrx_word' id='word_1_165' title='bbox 1651 2488 2082 2557; x_wconf 84' lang='lat' dir='ltr'>Castellianae</span> <span class='ocrx_word' id='word_1_166' title='bbox 2127 2498 2290 2575; x_wconf 91' lang='lat' dir='ltr'>patr.</span> <span class='ocrx_word' id='word_1_167' title='bbox 2339 2490 2630 2554; x_wconf 81' lang='lat' dir='ltr'>Tusciae.</span> 
     </span>
    </p>
   </div>
   <div class='ocr_carea' id='block_1_9' title="bbox 619 2615 3498 2913">
    <p class='ocr_par' dir='ltr' id='par_1_9' title="bbox 619 2615 3498 2913">
     <span class='ocr_line' id='line_1_21' title="bbox 1001 2615 2939 2684; baseline 0.001 -14"><span class='ocrx_word' id='word_1_168' title='bbox 1001 2635 1050 2671; x_wconf 85' lang='lat' dir='ltr'>v.</span> <span class='ocrx_word' id='word_1_169' title='bbox 1088 2615 1277 2673; x_wconf 76' lang='lat' dir='ltr'>civita</span> <span class='ocrx_word' id='word_1_170' title='bbox 1312 2616 1649 2684; x_wconf 82' lang='lat' dir='ltr'>Castellana,</span> <span class='ocrx_word' id='word_1_171' title='bbox 1684 2617 1833 2673; x_wconf 82' lang='lat' dir='ltr'>Mon.</span> <span class='ocrx_word' id='word_1_172' title='bbox 1869 2636 1912 2674; x_wconf 86' lang='lat' dir='ltr'>s.</span> <span class='ocrx_word' id='word_1_173' title='bbox 1938 2617 2193 2675; x_wconf 72' lang='lat' dir='ltr'>silvestri</span> <span class='ocrx_word' id='word_1_174' title='bbox 2229 2617 2287 2672; x_wconf 84' lang='lat' dir='ltr'>in</span> <span class='ocrx_word' id='word_1_175' title='bbox 2324 2617 2514 2674; x_wconf 82' lang='lat' dir='ltr'>Monte</span> <span class='ocrx_word' id='word_1_176' title='bbox 2551 2617 2779 2673; x_wconf 82' lang='lat' dir='ltr'>Soracte</span> <span class='ocrx_word' id='word_1_177' title='bbox 2813 2636 2866 2672; x_wconf 90' lang='lat' dir='ltr'>n.</span> <span class='ocrx_word' id='word_1_178' title='bbox 2893 2619 2939 2673; x_wconf 84' lang='lat'>2.</span> 
     </span>
     <span class='ocr_line' id='line_1_22' title="bbox 619 2718 3411 2805; baseline 0.002 -24"><span class='ocrx_word' id='word_1_179' title='bbox 619 2718 743 2782; x_wconf 73' lang='lat'>*14</span> <span class='ocrx_word' id='word_1_180' title='bbox 3053 2722 3411 2805; x_wconf 75' lang='lat'><em>(741—52)</em></span> 
     </span>
     <span class='ocr_line' id='line_1_23' title="bbox 621 2825 3498 2913; baseline 0 -24"><span class='ocrx_word' id='word_1_181' title='bbox 621 2825 1048 2891; x_wconf 87' lang='lat' dir='ltr'>Zacharias</span> <span class='ocrx_word' id='word_1_182' title='bbox 1079 2830 1405 2892; x_wconf 87' lang='lat' dir='ltr'>constituit</span> <span class='ocrx_word' id='word_1_183' title='bbox 1434 2827 1696 2892; x_wconf 93' lang='lat' dir='ltr'>domum</span> <span class='ocrx_word' id='word_1_184' title='bbox 1727 2828 1965 2892; x_wconf 87' lang='lat' dir='ltr'>cultam</span> <span class='ocrx_word' id='word_1_185' title='bbox 1993 2828 2060 2891; x_wconf 92' lang='lat' dir='ltr'>in</span> <span class='ocrx_word' id='word_1_186' title='bbox 2092 2826 2574 2913; x_wconf 86' lang='lat' dir='ltr'>quartodecimo</span> <span class='ocrx_word' id='word_1_187' title='bbox 2606 2826 2880 2891; x_wconf 91' lang='lat' dir='ltr'>miliario</span> <span class='ocrx_word' id='word_1_188' title='bbox 2927 2825 3007 2891; x_wconf 91' lang='lat' dir='ltr'>ab</span> <span class='ocrx_word' id='word_1_189' title='bbox 3053 2827 3174 2891; x_wconf 90' lang='lat' dir='ltr'>hac</span> <span class='ocrx_word' id='word_1_190' title='bbox 3203 2827 3498 2892; x_wconf 86' lang='lat' dir='ltr'>Romana</span> 
     </span>
    </p>
   </div>
   <div class='ocr_carea' id='block_1_10' title="bbox 619 2928 3497 3018">
    <p class='ocr_par' dir='ltr' id='par_1_10' title="bbox 619 2928 3497 3018">
     <span class='ocr_line' id='line_1_24' title="bbox 619 2928 3497 3018; baseline 0.001 -25"><span class='ocrx_word' id='word_1_191' title='bbox 619 2928 800 3013; x_wconf 89' lang='lat' dir='ltr'>urbe,</span> <span class='ocrx_word' id='word_1_192' title='bbox 833 2932 1216 3014; x_wconf 89' lang='lat' dir='ltr'>patrimonio</span> <span class='ocrx_word' id='word_1_193' title='bbox 1248 2931 1553 3009; x_wconf 87' lang='lat' dir='ltr'>Tusciae;</span> <span class='ocrx_word' id='word_1_194' title='bbox 1599 2931 2155 2997; x_wconf 81' lang='lat' dir='ltr'>constitutionibus</span> <span class='ocrx_word' id='word_1_195' title='bbox 2188 2931 2432 3018; x_wconf 87' lang='lat' dir='ltr'>obligat</span> <span class='ocrx_word' id='word_1_196' title='bbox 2460 2932 2601 2995; x_wconf 86' lang='lat' dir='ltr'>usui</span> <span class='ocrx_word' id='word_1_197' title='bbox 2626 2930 2938 2996; x_wconf 88' lang='lat' dir='ltr'>ecclesiae</span> <span class='ocrx_word' id='word_1_198' title='bbox 2970 2931 3497 3014; x_wconf 89' lang='lat' dir='ltr'>permanendum,</span> 
     </span>
    </p>
   </div>
   <div class='ocr_carea' id='block_1_11' title="bbox 623 3033 3490 3204">
    <p class='ocr_par' dir='ltr' id='par_1_11' title="bbox 623 3033 3490 3204">
     <span class='ocr_line' id='line_1_25' title="bbox 624 3033 3490 3123; baseline 0.001 -26"><span class='ocrx_word' id='word_1_199' title='bbox 624 3039 755 3097; x_wconf 88' lang='lat' dir='ltr'>tam</span> <span class='ocrx_word' id='word_1_200' title='bbox 800 3033 961 3118; x_wconf 88' lang='lat' dir='ltr'>loca,</span> <span class='ocrx_word' id='word_1_201' title='bbox 1009 3056 1175 3121; x_wconf 88' lang='lat' dir='ltr'>quae</span> <span class='ocrx_word' id='word_1_202' title='bbox 1220 3036 1302 3101; x_wconf 89' lang='lat' dir='ltr'>ab</span> <span class='ocrx_word' id='word_1_203' title='bbox 1333 3037 1544 3120; x_wconf 86' lang='lat' dir='ltr'>Anna,</span> <span class='ocrx_word' id='word_1_204' title='bbox 1588 3037 1812 3102; x_wconf 88' lang='lat' dir='ltr'>relicta</span> <span class='ocrx_word' id='word_1_205' title='bbox 1858 3036 2182 3123; x_wconf 89' lang='lat' dir='ltr'>quondam</span> <span class='ocrx_word' id='word_1_206' title='bbox 2213 3034 2575 3121; x_wconf 85' lang='lat' dir='ltr'>Agathonis</span> <span class='ocrx_word' id='word_1_207' title='bbox 2607 3037 2974 3120; x_wconf 89' lang='lat' dir='ltr'>primicerii,</span> <span class='ocrx_word' id='word_1_208' title='bbox 3021 3034 3083 3100; x_wconf 89' lang='lat' dir='ltr'>b.</span> <span class='ocrx_word' id='word_1_209' title='bbox 3114 3033 3315 3101; x_wconf 88' lang='lat' dir='ltr'>Petro</span> <span class='ocrx_word' id='word_1_210' title='bbox 3350 3056 3490 3101; x_wconf 87' lang='lat' dir='ltr'>esse</span> 
     </span>
     <span class='ocr_line' id='line_1_26' title="bbox 623 3136 1286 3204; baseline 0.002 -4"><span class='ocrx_word' id='word_1_211' title='bbox 623 3136 918 3203; x_wconf 84' lang='lat' dir='ltr'>videntur</span> <span class='ocrx_word' id='word_1_212' title='bbox 963 3158 1286 3204; x_wconf 90' lang='lat' dir='ltr'>concessa.</span> 
     </span>
    </p>
   </div>
   <div class='ocr_carea' id='block_1_12' title="bbox 827 3263 3499 3433">
    <p class='ocr_par' dir='ltr' id='par_1_12' title="bbox 827 3263 3499 3433">
     <span class='ocr_line' id='line_1_27' title="bbox 827 3263 3214 3337; baseline 0 -17"><span class='ocrx_word' id='word_1_213' title='bbox 827 3265 1007 3321; x_wconf 79' lang='lat' dir='ltr'>Laud.</span> <span class='ocrx_word' id='word_1_214' title='bbox 1042 3265 1106 3320; x_wconf 69' lang='lat' dir='ltr'>in</span> <span class='ocrx_word' id='word_1_215' title='bbox 1150 3266 1271 3321; x_wconf 75' lang='lat' dir='ltr'>Vita</span> <span class='ocrx_word' id='word_1_216' title='bbox 1306 3267 1601 3322; x_wconf 63' lang='lat' dir='ltr'>Zacham</span> <span class='ocrx_word' id='word_1_217' title='bbox 1632 3266 1779 3335; x_wconf 74' lang='lat' dir='ltr'><strong><em>(Lib.</em></strong></span> <span class='ocrx_word' id='word_1_218' title='bbox 1808 3268 2012 3336; x_wconf 76' lang='lat' dir='ltr'>pontif.</span> <span class='ocrx_word' id='word_1_219' title='bbox 2050 3266 2127 3322; x_wconf 80' lang='lat' dir='ltr'>ed.</span> <span class='ocrx_word' id='word_1_220' title='bbox 2166 3267 2445 3322; x_wconf 72' lang='lat' dir='ltr'>Duchesne</span> <span class='ocrx_word' id='word_1_221' title='bbox 2480 3266 2521 3319; x_wconf 90' lang='grc' dir='ltr'><em>Ι</em></span> <span class='ocrx_word' id='word_1_222' title='bbox 2546 3267 2683 3333; x_wconf 78' lang='grc'><strong>434).</strong></span> <span class='ocrx_word' id='word_1_223' title='bbox 2722 3297 2789 3306; x_wconf 89' lang='grc'>--</span> <span class='ocrx_word' id='word_1_224' title='bbox 2826 3266 2951 3337; x_wconf 66' lang='lat' dir='ltr'>Ray.</span> <span class='ocrx_word' id='word_1_225' title='bbox 2977 3263 3094 3321; x_wconf 84' lang='lat' dir='ltr'>JE.</span> <span class='ocrx_word' id='word_1_226' title='bbox 3131 3297 3214 3321; x_wconf 91' lang='lat'>—.</span> 
     </span>
     <span class='ocr_line' id='line_1_28' title="bbox 999 3360 3499 3433; baseline -0.001 -16"><span class='ocrx_word' id='word_1_227' title='bbox 999 3362 1067 3417; x_wconf 88' lang='lat' dir='ltr'>cf.</span> <span class='ocrx_word' id='word_1_228' title='bbox 1102 3361 1408 3418; x_wconf 83' lang='lat' dir='ltr'>Deusdedit</span> <span class='ocrx_word' id='word_1_229' title='bbox 1458 3360 1555 3417; x_wconf 90' lang='lat' dir='ltr'>lib.</span> <span class='ocrx_word' id='word_1_230' title='bbox 1593 3362 1676 3417; x_wconf 93' lang='lat'>111</span> <span class='ocrx_word' id='word_1_231' title='bbox 1730 3380 1775 3417; x_wconf 90' lang='lat' dir='ltr'>c.</span> <span class='ocrx_word' id='word_1_232' title='bbox 1814 3362 1914 3418; x_wconf 91' lang='lat'>188</span> <span class='ocrx_word' id='word_1_233' title='bbox 1951 3363 2093 3433; x_wconf 83' lang='lat'>[149]</span> <span class='ocrx_word' id='word_1_234' title='bbox 2142 3361 2285 3430; x_wconf 87' lang='lat' dir='ltr'>(edd.</span> <span class='ocrx_word' id='word_1_235' title='bbox 2323 3360 2659 3417; x_wconf 83' lang='lat' dir='ltr'>Martinucci</span> <span class='ocrx_word' id='word_1_236' title='bbox 2693 3380 2748 3432; x_wconf 88' lang='lat' dir='ltr'>p.</span> <span class='ocrx_word' id='word_1_237' title='bbox 2772 3362 2903 3425; x_wconf 80' lang='lat'>315;</span> <span class='ocrx_word' id='word_1_238' title='bbox 2959 3361 3122 3418; x_wconf 88' lang='lat' dir='ltr'>Wolf</span> <span class='ocrx_word' id='word_1_239' title='bbox 3164 3380 3212 3416; x_wconf 90' lang='lat' dir='ltr'>v.</span> <span class='ocrx_word' id='word_1_240' title='bbox 3239 3361 3499 3417; x_wconf 87' lang='lat' dir='ltr'>Glanvell</span> 
     </span>
    </p>
   </div>
   <div class='ocr_carea' id='block_1_13' title="bbox 829 3448 3501 3606">
    <p class='ocr_par' dir='ltr' id='par_1_13' title="bbox 829 3448 3501 3606">
     <span class='ocr_line' id='line_1_29' title="bbox 829 3448 3501 3519; baseline -0 -16"><span class='ocrx_word' id='word_1_241' title='bbox 829 3467 881 3518; x_wconf 88' lang='lat' dir='ltr'>p.</span> <span class='ocrx_word' id='word_1_242' title='bbox 908 3449 1044 3519; x_wconf 79' lang='lat'>351).</span> <span class='ocrx_word' id='word_1_243' title='bbox 1115 3449 1351 3504; x_wconf 86' lang='lat' dir='ltr'>Albinus</span> <span class='ocrx_word' id='word_1_244' title='bbox 1385 3448 1485 3505; x_wconf 92' lang='lat' dir='ltr'>lib.</span> <span class='ocrx_word' id='word_1_245' title='bbox 1521 3449 1590 3504; x_wconf 81' lang='lat' dir='ltr'>X.</span> <span class='ocrx_word' id='word_1_246' title='bbox 1662 3449 1897 3506; x_wconf 85' lang='lat' dir='ltr'>Cencius</span> <span class='ocrx_word' id='word_1_247' title='bbox 1934 3468 1980 3505; x_wconf 90' lang='lat' dir='ltr'>c.</span> <span class='ocrx_word' id='word_1_248' title='bbox 2008 3450 2070 3504; x_wconf 81' lang='lat'>71</span> <span class='ocrx_word' id='word_1_249' title='bbox 2113 3449 2221 3517; x_wconf 86' lang='lat' dir='ltr'>(ed.</span> <span class='ocrx_word' id='word_1_250' title='bbox 2259 3448 2770 3504; x_wconf 84' lang='lat' dir='ltr'>Fabre·Duchesne</span> <span class='ocrx_word' id='word_1_251' title='bbox 2807 3448 2830 3502; x_wconf 95' lang='lat' dir='ltr'>I</span> <span class='ocrx_word' id='word_1_252' title='bbox 2867 3449 3012 3515; x_wconf 82' lang='lat'>346).</span> <span class='ocrx_word' id='word_1_253' title='bbox 3053 3478 3115 3487; x_wconf 96' lang='lat'>—</span> <span class='ocrx_word' id='word_1_254' title='bbox 3154 3449 3232 3504; x_wconf 87' lang='lat' dir='ltr'>De</span> <span class='ocrx_word' id='word_1_255' title='bbox 3270 3449 3392 3504; x_wconf 90' lang='lat' dir='ltr'>loco</span> <span class='ocrx_word' id='word_1_256' title='bbox 3430 3449 3501 3503; x_wconf 88' lang='lat' dir='ltr'>cf.</span> 
     </span>
     <span class='ocr_line' id='line_1_30' title="bbox 829 3535 1881 3606; baseline -0.001 -16"><span class='ocrx_word' id='word_1_257' title='bbox 829 3535 1170 3592; x_wconf 78' lang='lat' dir='ltr'>Tomassetti</span> <span class='ocrx_word' id='word_1_258' title='bbox 1206 3536 1243 3592; x_wconf 92' lang='lat'>1.</span> <span class='ocrx_word' id='word_1_259' title='bbox 1270 3554 1316 3592; x_wconf 87' lang='lat' dir='ltr'>c.</span> <span class='ocrx_word' id='word_1_260' title='bbox 1342 3537 1423 3591; x_wconf 92' lang='lat'>111</span> <span class='ocrx_word' id='word_1_261' title='bbox 1458 3537 1561 3592; x_wconf 82' lang='lat'>324</span> <span class='ocrx_word' id='word_1_262' title='bbox 1573 3558 1587 3602; x_wconf 90' lang='lat'>;</span> <span class='ocrx_word' id='word_1_263' title='bbox 1623 3536 1674 3591; x_wconf 89' lang='lat' dir='ltr'><strong>V</strong></span> <span class='ocrx_word' id='word_1_264' title='bbox 1711 3537 1777 3592; x_wconf 82' lang='lat'>73</span> <span class='ocrx_word' id='word_1_265' title='bbox 1801 3555 1881 3606; x_wconf 86' lang='lat' dir='ltr'>sq.</span> 
     </span>
    </p>
   </div>
   <div class='ocr_carea' id='block_1_14' title="bbox 623 3656 3506 4371">
    <p class='ocr_par' dir='ltr' id='par_1_14' title="bbox 623 3656 3506 4371">
     <span class='ocr_line' id='line_1_31' title="bbox 623 3656 3421 3741; baseline 0 -21"><span class='ocrx_word' id='word_1_266' title='bbox 623 3656 745 3720; x_wconf 77' lang='lat'>*15</span> <span class='ocrx_word' id='word_1_267' title='bbox 3057 3658 3421 3741; x_wconf 83' lang='lat'><em>(772—95)</em></span> 
     </span>
     <span class='ocr_line' id='line_1_32' title="bbox 623 3761 3502 3850; baseline -0.001 -22"><span class='ocrx_word' id='word_1_268' title='bbox 623 3763 1069 3830; x_wconf 85' lang='lat' dir='ltr'>Hadrianus</span> <span class='ocrx_word' id='word_1_269' title='bbox 1111 3765 1145 3828; x_wconf 95' lang='lat' dir='ltr'>I</span> <span class='ocrx_word' id='word_1_270' title='bbox 1201 3765 1636 3831; x_wconf 87' lang='lat' dir='ltr'>domocultam</span> <span class='ocrx_word' id='word_1_271' title='bbox 1692 3764 1863 3850; x_wconf 92' lang='lat' dir='ltr'>apud</span> <span class='ocrx_word' id='word_1_272' title='bbox 1918 3765 2257 3830; x_wconf 87' lang='lat' dir='ltr'>ecclesiam</span> <span class='ocrx_word' id='word_1_273' title='bbox 2320 3786 2368 3827; x_wconf 91' lang='lat' dir='ltr'>s.</span> <span class='ocrx_word' id='word_1_274' title='bbox 2417 3765 2669 3847; x_wconf 89' lang='lat' dir='ltr'>Leucii,</span> <span class='ocrx_word' id='word_1_275' title='bbox 2716 3764 2820 3827; x_wconf 83' lang='lat' dir='ltr'>via</span> <span class='ocrx_word' id='word_1_276' title='bbox 2857 3762 3194 3827; x_wconf 84' lang='lat' dir='ltr'>Flaminea</span> <span class='ocrx_word' id='word_1_277' title='bbox 3240 3763 3371 3827; x_wconf 91' lang='lat' dir='ltr'>mil.</span> <span class='ocrx_word' id='word_1_278' title='bbox 3419 3761 3502 3825; x_wconf 93' lang='lat' dir='ltr'>ab</span> 
     </span>
     <span class='ocr_line' id='line_1_33' title="bbox 624 3866 3504 3953; baseline -0.001 -21"><span class='ocrx_word' id='word_1_279' title='bbox 624 3867 782 3933; x_wconf 91' lang='lat' dir='ltr'>urbe</span> <span class='ocrx_word' id='word_1_280' title='bbox 827 3866 1038 3933; x_wconf 88' lang='lat' dir='ltr'>Roma</span> <span class='ocrx_word' id='word_1_281' title='bbox 1081 3870 1225 3953; x_wconf 88' lang='lat' dir='ltr'>plus</span> <span class='ocrx_word' id='word_1_282' title='bbox 1276 3872 1484 3934; x_wconf 87' lang='lat' dir='ltr'>minus</span> <span class='ocrx_word' id='word_1_283' title='bbox 1520 3868 1601 3951; x_wconf 88' lang='lat' dir='ltr'>V,</span> <span class='ocrx_word' id='word_1_284' title='bbox 1648 3869 1950 3935; x_wconf 87' lang='lat' dir='ltr'>aedificat</span> <span class='ocrx_word' id='word_1_285' title='bbox 1995 3876 2061 3934; x_wconf 91' lang='lat' dir='ltr'>et</span> <span class='ocrx_word' id='word_1_286' title='bbox 2114 3869 2173 3933; x_wconf 94' lang='lat' dir='ltr'>b.</span> <span class='ocrx_word' id='word_1_287' title='bbox 2205 3867 2403 3933; x_wconf 87' lang='lat' dir='ltr'>Petro</span> <span class='ocrx_word' id='word_1_288' title='bbox 2452 3870 2516 3932; x_wconf 91' lang='lat' dir='ltr'>in</span> <span class='ocrx_word' id='word_1_289' title='bbox 2561 3874 2943 3953; x_wconf 90' lang='lat' dir='ltr'>perpetuum</span> <span class='ocrx_word' id='word_1_290' title='bbox 2988 3866 3284 3932; x_wconf 87' lang='lat' dir='ltr'>concedit</span> <span class='ocrx_word' id='word_1_291' title='bbox 3327 3872 3394 3931; x_wconf 92' lang='lat' dir='ltr'>et</span> <span class='ocrx_word' id='word_1_292' title='bbox 3439 3867 3504 3930; x_wconf 90' lang='lat' dir='ltr'>in</span> 
     </span>
     <span class='ocr_line' id='line_1_34' title="bbox 627 3972 3502 4060; baseline -0.001 -24"><span class='ocrx_word' id='word_1_293' title='bbox 627 3992 706 4036; x_wconf 91' lang='lat' dir='ltr'>ea</span> <span class='ocrx_word' id='word_1_294' title='bbox 750 3973 909 4038; x_wconf 87' lang='lat' dir='ltr'>fines</span> <span class='ocrx_word' id='word_1_295' title='bbox 953 3973 1240 4058; x_wconf 86' lang='lat' dir='ltr'>ampliat,</span> <span class='ocrx_word' id='word_1_296' title='bbox 1287 3980 1418 4038; x_wconf 84' lang='lat' dir='ltr'>tam</span> <span class='ocrx_word' id='word_1_297' title='bbox 1465 3995 1548 4038; x_wconf 83' lang='lat' dir='ltr'>ex</span> <span class='ocrx_word' id='word_1_298' title='bbox 1578 3973 1937 4039; x_wconf 88' lang='lat' dir='ltr'>hereditate</span> <span class='ocrx_word' id='word_1_299' title='bbox 1986 3973 2309 4060; x_wconf 90' lang='lat' dir='ltr'>quondam</span> <span class='ocrx_word' id='word_1_300' title='bbox 2340 3972 2676 4037; x_wconf 88' lang='lat' dir='ltr'>Paschalis</span> <span class='ocrx_word' id='word_1_301' title='bbox 2720 3991 3043 4057; x_wconf 91' lang='lat' dir='ltr'>quamque</span> <span class='ocrx_word' id='word_1_302' title='bbox 3090 3992 3174 4036; x_wconf 84' lang='lat' dir='ltr'>ex</span> <span class='ocrx_word' id='word_1_303' title='bbox 3217 3991 3502 4036; x_wconf 90' lang='lat' dir='ltr'>commu-</span> 
     </span>
     <span class='ocr_line' id='line_1_35' title="bbox 627 4076 2797 4176; baseline 0 -36"><span class='ocrx_word' id='word_1_304' title='bbox 627 4078 869 4142; x_wconf 88' lang='lat' dir='ltr'>tatione</span> <span class='ocrx_word' id='word_1_305' title='bbox 913 4077 1226 4143; x_wconf 88' lang='lat' dir='ltr'>heredum</span> <span class='ocrx_word' id='word_1_306' title='bbox 1271 4076 1595 4163; x_wconf 91' lang='lat' dir='ltr'>quondam</span> <span class='ocrx_word' id='word_1_307' title='bbox 1640 4079 1881 4143; x_wconf 88' lang='lat' dir='ltr'>Luciae</span> <span class='ocrx_word' id='word_1_308' title='bbox 1926 4099 2042 4143; x_wconf 87' lang='lat' dir='ltr'>seu</span> <span class='ocrx_word' id='word_1_309' title='bbox 2085 4077 2389 4176; x_wconf 73' lang='lat' dir='ltr'>Iohannis</span> <span class='ocrx_word' id='word_1_310' title='bbox 2433 4077 2797 4161; x_wconf 90' lang='lat' dir='ltr'>primicerii.</span> 
     </span>
     <span class='ocr_line' id='line_1_36' title="bbox 830 4197 3300 4275; baseline -0.001 -17"><span class='ocrx_word' id='word_1_311' title='bbox 830 4204 1012 4259; x_wconf 60' lang='lat' dir='ltr'>Laud</span> <span class='ocrx_word' id='word_1_312' title='bbox 1046 4205 1110 4258; x_wconf 68' lang='lat' dir='ltr'>in</span> <span class='ocrx_word' id='word_1_313' title='bbox 1139 4204 1269 4260; x_wconf 76' lang='lat' dir='ltr'>Vita</span> <span class='ocrx_word' id='word_1_314' title='bbox 1307 4205 1595 4262; x_wconf 67' lang='lat' dir='ltr'>Hadriani</span> <span class='ocrx_word' id='word_1_315' title='bbox 1632 4206 1670 4260; x_wconf 90' lang='lat'><em>1</em></span> <span class='ocrx_word' id='word_1_316' title='bbox 1700 4206 1845 4274; x_wconf 64' lang='lat' dir='ltr'>(lav.</span> <span class='ocrx_word' id='word_1_317' title='bbox 1874 4206 2081 4275; x_wconf 77' lang='lat' dir='ltr'>pontif.</span> <span class='ocrx_word' id='word_1_318' title='bbox 2117 4203 2197 4261; x_wconf 73' lang='lat' dir='ltr'>cd.</span> <span class='ocrx_word' id='word_1_319' title='bbox 2232 4204 2512 4260; x_wconf 59' lang='lat' dir='ltr'>Ducam</span> <span class='ocrx_word' id='word_1_320' title='bbox 2548 4205 2590 4258; x_wconf 90' lang='lat' dir='ltr'><strong><em>I</em></strong></span> <span class='ocrx_word' id='word_1_321' title='bbox 2617 4207 2756 4268; x_wconf 83' lang='lat'>609).</span> <span class='ocrx_word' id='word_1_322' title='bbox 2783 4197 2860 4244; x_wconf 57' lang='grc'>’-</span> <span class='ocrx_word' id='word_1_323' title='bbox 2900 4202 3030 4271; x_wconf 75' lang='lat' dir='ltr'>Req.</span> <span class='ocrx_word' id='word_1_324' title='bbox 3069 4203 3178 4258; x_wconf 82' lang='lat' dir='ltr'>JE&#39;.</span> <span class='ocrx_word' id='word_1_325' title='bbox 3219 4231 3300 4257; x_wconf 92' lang='lat'>—.</span> 
     </span>
     <span class='ocr_line' id='line_1_37' title="bbox 1008 4295 3506 4371; baseline -0.002 -16"><span class='ocrx_word' id='word_1_326' title='bbox 1008 4300 1076 4355; x_wconf 86' lang='lat' dir='ltr'>cf.</span> <span class='ocrx_word' id='word_1_327' title='bbox 1114 4299 1418 4357; x_wconf 74' lang='lat' dir='ltr'>Deuadedit</span> <span class='ocrx_word' id='word_1_328' title='bbox 1461 4300 1560 4357; x_wconf 89' lang='lat' dir='ltr'>lib.</span> <span class='ocrx_word' id='word_1_329' title='bbox 1598 4301 1679 4356; x_wconf 91' lang='lat'>111</span> <span class='ocrx_word' id='word_1_330' title='bbox 1727 4319 1772 4355; x_wconf 86' lang='lat' dir='ltr'>c.</span> <span class='ocrx_word' id='word_1_331' title='bbox 1807 4302 1905 4357; x_wconf 88' lang='lat'>189</span> <span class='ocrx_word' id='word_1_332' title='bbox 1952 4302 2093 4369; x_wconf 86' lang='lat'>[149]</span> <span class='ocrx_word' id='word_1_333' title='bbox 2148 4300 2293 4368; x_wconf 84' lang='lat' dir='ltr'>(edd.</span> <span class='ocrx_word' id='word_1_334' title='bbox 2329 4298 2662 4356; x_wconf 82' lang='lat' dir='ltr'>Martinucci</span> <span class='ocrx_word' id='word_1_335' title='bbox 2700 4318 2756 4371; x_wconf 91' lang='lat' dir='ltr'>p.</span> <span class='ocrx_word' id='word_1_336' title='bbox 2781 4299 2914 4362; x_wconf 78' lang='lat'><strong>3153</strong></span> <span class='ocrx_word' id='word_1_337' title='bbox 2968 4298 3129 4353; x_wconf 87' lang='lat' dir='ltr'>Wolf</span> <span class='ocrx_word' id='word_1_338' title='bbox 3167 4316 3217 4353; x_wconf 90' lang='lat' dir='ltr'>v.</span> <span class='ocrx_word' id='word_1_339' title='bbox 3244 4295 3506 4353; x_wconf 86' lang='lat' dir='ltr'>Glanvell</span> 
     </span>
    </p>
   </div>
   <div class='ocr_carea' id='block_1_15' title="bbox 832 4384 3506 4544">
    <p class='ocr_par' dir='ltr' id='par_1_15' title="bbox 832 4384 3506 4544">
     <span class='ocr_line' id='line_1_38' title="bbox 832 4384 3506 4456; baseline -0.001 -15"><span class='ocrx_word' id='word_1_340' title='bbox 832 4405 887 4456; x_wconf 87' lang='lat' dir='ltr'>p.</span> <span class='ocrx_word' id='word_1_341' title='bbox 913 4388 1054 4456; x_wconf 84' lang='lat'>352).</span> <span class='ocrx_word' id='word_1_342' title='bbox 1125 4388 1364 4443; x_wconf 82' lang='lat' dir='ltr'>Albinus</span> <span class='ocrx_word' id='word_1_343' title='bbox 1397 4386 1496 4443; x_wconf 90' lang='lat' dir='ltr'>lib.</span> <span class='ocrx_word' id='word_1_344' title='bbox 1535 4387 1601 4443; x_wconf 88' lang='lat' dir='ltr'>X.</span> <span class='ocrx_word' id='word_1_345' title='bbox 1674 4387 1907 4444; x_wconf 83' lang='lat' dir='ltr'>Oeneius</span> <span class='ocrx_word' id='word_1_346' title='bbox 1945 4406 1990 4443; x_wconf 90' lang='lat' dir='ltr'>c.</span> <span class='ocrx_word' id='word_1_347' title='bbox 2017 4389 2081 4444; x_wconf 84' lang='lat'>71</span> <span class='ocrx_word' id='word_1_348' title='bbox 2121 4387 2229 4454; x_wconf 82' lang='lat' dir='ltr'>(ed.</span> <span class='ocrx_word' id='word_1_349' title='bbox 2266 4385 2779 4443; x_wconf 83' lang='lat' dir='ltr'>Fabre-Duchesne</span> <span class='ocrx_word' id='word_1_350' title='bbox 2817 4386 2842 4439; x_wconf 94' lang='lat' dir='ltr'>I</span> <span class='ocrx_word' id='word_1_351' title='bbox 2878 4385 3019 4454; x_wconf 84' lang='lat'>346).</span> <span class='ocrx_word' id='word_1_352' title='bbox 3059 4415 3121 4425; x_wconf 93' lang='lat'>-</span> <span class='ocrx_word' id='word_1_353' title='bbox 3161 4385 3240 4441; x_wconf 89' lang='lat' dir='ltr'>De</span> <span class='ocrx_word' id='word_1_354' title='bbox 3277 4384 3399 4440; x_wconf 89' lang='lat' dir='ltr'>loco</span> <span class='ocrx_word' id='word_1_355' title='bbox 3436 4384 3506 4439; x_wconf 87' lang='lat' dir='ltr'>cf.</span> 
     </span>
     <span class='ocr_line' id='line_1_39' title="bbox 835 4474 1686 4544; baseline 0.002 -16"><span class='ocrx_word' id='word_1_356' title='bbox 835 4474 1172 4531; x_wconf 81' lang='lat' dir='ltr'>Tomassetti</span> <span class='ocrx_word' id='word_1_357' title='bbox 1208 4476 1318 4531; x_wconf 83' lang='grc' dir='ltr'><strong>1.ο.</strong></span> <span class='ocrx_word' id='word_1_358' title='bbox 1345 4474 1449 4530; x_wconf 86' lang='lat' dir='ltr'>V11</span> <span class='ocrx_word' id='word_1_359' title='bbox 1490 4474 1589 4532; x_wconf 84' lang='lat'>186</span> <span class='ocrx_word' id='word_1_360' title='bbox 1605 4494 1686 4544; x_wconf 82' lang='lat' dir='ltr'>sq.</span> 
     </span>
    </p>
   </div>
   <div class='ocr_carea' id='block_1_16' title="bbox 627 4592 3505 5203">
    <p class='ocr_par' dir='ltr' id='par_1_16' title="bbox 627 4592 3505 5203">
     <span class='ocr_line' id='line_1_40' title="bbox 628 4592 3418 4676; baseline -0.001 -17"><span class='ocrx_word' id='word_1_361' title='bbox 628 4595 752 4659; x_wconf 81' lang='lat'>*16</span> <span class='ocrx_word' id='word_1_362' title='bbox 3059 4592 3418 4676; x_wconf 82' lang='lat'><em>(772-95)</em></span> 
     </span>
     <span class='ocr_line' id='line_1_41' title="bbox 627 4696 3504 4785; baseline -0.001 -21"><span class='ocrx_word' id='word_1_363' title='bbox 627 4700 1080 4767; x_wconf 88' lang='lat' dir='ltr'>Hadrianus</span> <span class='ocrx_word' id='word_1_364' title='bbox 1123 4702 1157 4765; x_wconf 95' lang='lat' dir='ltr'>I</span> <span class='ocrx_word' id='word_1_365' title='bbox 1204 4701 1622 4785; x_wconf 86' lang='lat' dir='ltr'>domocultas,</span> <span class='ocrx_word' id='word_1_366' title='bbox 1669 4701 1972 4767; x_wconf 84' lang='lat' dir='ltr'>videlicet</span> <span class='ocrx_word' id='word_1_367' title='bbox 2016 4699 2365 4785; x_wconf 80' lang='lat' dir='ltr'>Galeriam,</span> <span class='ocrx_word' id='word_1_368' title='bbox 2414 4721 2548 4784; x_wconf 88' lang='lat' dir='ltr'>pos.</span> <span class='ocrx_word' id='word_1_369' title='bbox 2591 4702 2696 4764; x_wconf 85' lang='lat' dir='ltr'>via</span> <span class='ocrx_word' id='word_1_370' title='bbox 2727 4699 2996 4764; x_wconf 88' lang='lat' dir='ltr'>Aurelia</span> <span class='ocrx_word' id='word_1_371' title='bbox 3039 4698 3172 4762; x_wconf 90' lang='lat' dir='ltr'>mil.</span> <span class='ocrx_word' id='word_1_372' title='bbox 3220 4697 3303 4761; x_wconf 94' lang='lat' dir='ltr'>ab</span> <span class='ocrx_word' id='word_1_373' title='bbox 3345 4696 3504 4760; x_wconf 88' lang='lat' dir='ltr'>urbe</span> 
     </span>
     <span class='ocr_line' id='line_1_42' title="bbox 627 4799 3504 4890; baseline -0.002 -22"><span class='ocrx_word' id='word_1_374' title='bbox 627 4802 839 4869; x_wconf 88' lang='lat' dir='ltr'>Roma</span> <span class='ocrx_word' id='word_1_375' title='bbox 891 4805 1036 4890; x_wconf 88' lang='lat' dir='ltr'>plus</span> <span class='ocrx_word' id='word_1_376' title='bbox 1077 4807 1286 4871; x_wconf 90' lang='lat' dir='ltr'>minus</span> <span class='ocrx_word' id='word_1_377' title='bbox 1330 4807 1395 4871; x_wconf 90' lang='lat' dir='ltr'>X</span> <span class='ocrx_word' id='word_1_378' title='bbox 1450 4805 1535 4871; x_wconf 93' lang='lat' dir='ltr'>ad</span> <span class='ocrx_word' id='word_1_379' title='bbox 1579 4828 1626 4871; x_wconf 88' lang='lat' dir='ltr'>s.</span> <span class='ocrx_word' id='word_1_380' title='bbox 1659 4806 1978 4889; x_wconf 86' lang='lat' dir='ltr'>Rufinam,</span> <span class='ocrx_word' id='word_1_381' title='bbox 2025 4852 2042 4868; x_wconf 92' lang='lat'>.</span> <span class='ocrx_word' id='word_1_382' title='bbox 2079 4854 2092 4869; x_wconf 99' lang='lat'>.</span> <span class='ocrx_word' id='word_1_383' title='bbox 2140 4804 2335 4869; x_wconf 91' lang='lat' dir='ltr'>aliam</span> <span class='ocrx_word' id='word_1_384' title='bbox 2400 4803 2758 4888; x_wconf 81' lang='lat' dir='ltr'>Galeriam,</span> <span class='ocrx_word' id='word_1_385' title='bbox 2814 4825 2950 4887; x_wconf 86' lang='lat' dir='ltr'>pos.</span> <span class='ocrx_word' id='word_1_386' title='bbox 3006 4804 3110 4866; x_wconf 84' lang='lat' dir='ltr'>via</span> <span class='ocrx_word' id='word_1_387' title='bbox 3162 4799 3504 4865; x_wconf 89' lang='lat' dir='ltr'>Portuensi</span> 
     </span>
     <span class='ocr_line' id='line_1_43' title="bbox 629 4905 3504 4995; baseline -0.001 -23"><span class='ocrx_word' id='word_1_388' title='bbox 629 4908 761 4973; x_wconf 90' lang='lat' dir='ltr'>mil.</span> <span class='ocrx_word' id='word_1_389' title='bbox 827 4908 910 4974; x_wconf 89' lang='lat' dir='ltr'>ab</span> <span class='ocrx_word' id='word_1_390' title='bbox 956 4909 1116 4975; x_wconf 87' lang='lat' dir='ltr'>urbe</span> <span class='ocrx_word' id='word_1_391' title='bbox 1159 4911 1372 4976; x_wconf 86' lang='lat' dir='ltr'>Roma</span> <span class='ocrx_word' id='word_1_392' title='bbox 1417 4910 1559 4995; x_wconf 87' lang='lat' dir='ltr'>plus</span> <span class='ocrx_word' id='word_1_393' title='bbox 1604 4911 1811 4974; x_wconf 90' lang='lat' dir='ltr'>minus</span> <span class='ocrx_word' id='word_1_394' title='bbox 1855 4908 2010 4990; x_wconf 89' lang='lat' dir='ltr'>XII,</span> <span class='ocrx_word' id='word_1_395' title='bbox 2060 4956 2075 4971; x_wconf 97' lang='lat'>.</span> <span class='ocrx_word' id='word_1_396' title='bbox 2109 4959 2123 4973; x_wconf 93' lang='lat'>.</span> <span class='ocrx_word' id='word_1_397' title='bbox 2183 4909 2405 4973; x_wconf 84' lang='lat' dir='ltr'>statuit</span> <span class='ocrx_word' id='word_1_398' title='bbox 2449 4930 2565 4992; x_wconf 91' lang='lat' dir='ltr'>per</span> <span class='ocrx_word' id='word_1_399' title='bbox 2622 4908 3046 4992; x_wconf 87' lang='lat' dir='ltr'>apostolicum</span> <span class='ocrx_word' id='word_1_400' title='bbox 3101 4905 3504 4990; x_wconf 82' lang='lat' dir='ltr'>privilegium</span> 
     </span>
     <span class='ocr_line' id='line_1_44' title="bbox 630 5010 3505 5101; baseline -0.002 -23"><span class='ocrx_word' id='word_1_401' title='bbox 630 5013 746 5078; x_wconf 84' lang='lat' dir='ltr'>sub</span> <span class='ocrx_word' id='word_1_402' title='bbox 792 5014 1021 5079; x_wconf 84' lang='lat' dir='ltr'>validis</span> <span class='ocrx_word' id='word_1_403' title='bbox 1066 5015 1494 5080; x_wconf 88' lang='lat' dir='ltr'>anathematis</span> <span class='ocrx_word' id='word_1_404' title='bbox 1541 5012 2068 5101; x_wconf 85' lang='lat' dir='ltr'>obligationibus,</span> <span class='ocrx_word' id='word_1_405' title='bbox 2124 5018 2195 5077; x_wconf 88' lang='lat' dir='ltr'>ut</span> <span class='ocrx_word' id='word_1_406' title='bbox 2238 5013 2304 5076; x_wconf 91' lang='lat' dir='ltr'>in</span> <span class='ocrx_word' id='word_1_407' title='bbox 2347 5033 2464 5076; x_wconf 91' lang='lat' dir='ltr'>usu</span> <span class='ocrx_word' id='word_1_408' title='bbox 2511 5017 2576 5076; x_wconf 91' lang='lat' dir='ltr'>et</span> <span class='ocrx_word' id='word_1_409' title='bbox 2620 5012 2880 5096; x_wconf 88' lang='lat' dir='ltr'>propria</span> <span class='ocrx_word' id='word_1_410' title='bbox 2924 5010 3199 5074; x_wconf 86' lang='lat' dir='ltr'>utilitate</span> <span class='ocrx_word' id='word_1_411' title='bbox 3246 5013 3505 5073; x_wconf 87' lang='lat' dir='ltr'>sanctae</span> 
     </span>
     <span class='ocr_line' id='line_1_45' title="bbox 628 5118 2216 5203; baseline -0.002 -21"><span class='ocrx_word' id='word_1_412' title='bbox 628 5118 963 5184; x_wconf 86' lang='lat' dir='ltr'>Romanae</span> <span class='ocrx_word' id='word_1_413' title='bbox 1010 5118 1322 5184; x_wconf 82' lang='lat' dir='ltr'>ecclesiae</span> <span class='ocrx_word' id='word_1_414' title='bbox 1368 5118 1737 5203; x_wconf 87' lang='lat' dir='ltr'>perenniter</span> <span class='ocrx_word' id='word_1_415' title='bbox 1779 5123 2216 5201; x_wconf 87' lang='lat' dir='ltr'>permaneant.</span> 
     </span>
    </p>
   </div>
   <div class='ocr_carea' id='block_1_17' title="bbox 1012 5242 2872 5312">
    <p class='ocr_par' dir='ltr' id='par_1_17' title="bbox 1012 5242 2872 5312">
     <span class='ocr_line' id='line_1_46' title="bbox 1012 5242 2872 5312; baseline -0.002 -12"><span class='ocrx_word' id='word_1_416' title='bbox 1012 5264 1062 5301; x_wconf 88' lang='lat' dir='ltr'>v.</span> <span class='ocrx_word' id='word_1_417' title='bbox 1097 5244 1254 5302; x_wconf 83' lang='lat' dir='ltr'>Silva</span> <span class='ocrx_word' id='word_1_418' title='bbox 1289 5245 1555 5312; x_wconf 86' lang='lat' dir='ltr'>Candida,</span> <span class='ocrx_word' id='word_1_419' title='bbox 1592 5245 1796 5302; x_wconf 85' lang='lat' dir='ltr'>Galera</span> <span class='ocrx_word' id='word_1_420' title='bbox 1832 5263 1885 5301; x_wconf 91' lang='lat' dir='ltr'>n.</span> <span class='ocrx_word' id='word_1_421' title='bbox 1914 5244 1939 5299; x_wconf 93' lang='lat'>1</span> <span class='ocrx_word' id='word_1_422' title='bbox 1978 5248 2039 5301; x_wconf 88' lang='lat' dir='ltr'>et</span> <span class='ocrx_word' id='word_1_423' title='bbox 2073 5244 2256 5311; x_wconf 85' lang='lat' dir='ltr'>Porto,</span> <span class='ocrx_word' id='word_1_424' title='bbox 2295 5243 2472 5299; x_wconf 88' lang='lat' dir='ltr'>Ponte</span> <span class='ocrx_word' id='word_1_425' title='bbox 2506 5242 2711 5298; x_wconf 83' lang='lat' dir='ltr'>Galera</span> <span class='ocrx_word' id='word_1_426' title='bbox 2745 5260 2799 5297; x_wconf 88' lang='lat' dir='ltr'>n.</span> <span class='ocrx_word' id='word_1_427' title='bbox 2828 5243 2872 5297; x_wconf 85' lang='lat'>1.</span> 
     </span>
    </p>
   </div>
  </div>
 </body>
</html>
