4055 6069
1378 525 1524 582 Mon.
1561 544 1605 582 s.
1640 525 1840 582 Heliae
1877 526 2191 583 Fallerense
2228 557 2293 569 ——
2331 526 2528 582 niano.
3279 535 3389 596 181

513 709 610 767 cst
654 702 850 766 clavis
896 702 1090 766 totius
1139 700 1427 766 Colline“
1475 701 1750 787 legimus
1794 702 1859 765 in
1900 700 2286 766 documento
2332 701 2611 787 quodam
2658 725 2826 769 saec.
2857 703 3030 769 XIII
3075 703 3204 789 (ed.
3241 702 3397 768 Gal-

510 807 652 871 letti
696 828 758 890 p.
797 810 876 870 70
920 827 981 872 n.
1015 803 1104 890 4).

724 978 999 1043 Unicum
1049 977 1523 1060 documentum,
1571 978 1745 1063 quod
1794 984 2023 1057 exstat,
2073 977 2452 1043 adservatur
2494 977 2746 1043 Romae
2790 979 2854 1041 in
2902 977 3159 1043 archivo
3207 980 3396 1042 castri

515 1105 563 1147 s.
587 1083 845 1167 Angeli‚
890 1081 1061 1146 unde
1107 1087 1514 1167 sumpserunt
1558 1081 1830 1147 Albinus
1875 1088 1942 1147 et
1986 1082 2279 1148 Cencius.

720 1236 773 1289 A
828 1259 892 1283 =
931 1236 1081 1308 Orig.
1120 1237 1299 1292 Roma
1335 1236 1499 1292 Asch.
1524 1236 1654 1293 Vat.
1691 1237 1841 1292 Arm.
1867 1236 2000 1291 XIII
2040 1254 2085 1292 c.
2115 1237 2190 1291 lx
2226 1255 2278 1291 n.
2307 1238 2419 1311 17„
2523 1286 2530 1293 .

518 1365 556 1423 1
2838 1359 3008 1423 1159
3051 1380 3095 1422 a
3188 1357 3241 1422 Ἰ.
3275 1362 3317 1421 7

518 1464 841 1529 Iohannes
870 1464 1204 1529 Roncione
1251 1468 1317 1528 et
1361 1462 1684 1529 Berardus
1728 1462 1928 1528 frater
1973 1465 2111 1528 eius
2156 1462 2514 1527 concedunt
2557 1462 2950 1529 Hadriano
2992 1380 3398 1548 vagiusque

516 1567 985 1633 successoribus
1029 1566 1378 1631 dominium
1425 1565 1506 1631 de
1552 1573 1686 1631 toto
1733 1573 1941 1630 castro
1972 1565 2225 1650 Reiani,
2271 1588 2408 1651 pos.
2453 1566 2518 1630 in
2565 1568 2884 1632 territorio
2916 1566 3283 1632 Collinensi.
3317 1602 3400 1612 —

517 1670 660 1755 Ego
707 1671 1003 1735 Andreas
1049 1670 1234 1734 scrin.
1283 1668 1346 1734 S.
1385 1669 1463 1733 R.
1496 1668 1571 1733 Ε.
1620 1675 1688 1733 et
1731 1692 1780 1733 s.
1813 1670 1955 1734 Lat.
2000 1670 2128 1754 pal.
2175 1669 2512 1754 complevi.

722 1782 792 1836 A.
830 1781 1097 1850 [Albinus
1132 1780 1219 1835 lib.
1247 1780 1351 1834 XI
1376 1797 1420 1834 c.
1448 1788 1525 1835 47.
1592 1780 1811 1836 Oeneius
1843 1782 2050 1851 c.114].
2089 1811 2153 1821 --
2191 1780 2336 1834 Edd.
2375 1781 2655 1835 Muratori
2689 1782 2868 1848 Antiq.
2897 1781 3003 1835 111
3034 1788 3142 1835 797.
3203 1780 3402 1834 Fabra-

518 1867 796 1921 Dnchesne
833 1867 873 1921 Ι
898 1874 1008 1923 396.
1049 1898 1111 1906 -
1152 1865 1286 1937 Req.
1323 1866 1438 1922 JL.
1474 1898 1558 1922 —.

894 1961 1057 2016 Errat
1100 1962 1416 2026 Duchesne,
1466 1960 1563 2030 qui
1600 1961 1920 2028 contendit,
1974 1960 2319 2017 territorium
2357 1961 2672 2017 Collinense
2723 1960 2872 2016 idem
2925 1978 3042 2017 esse
3096 1979 3162 2016 ac
3218 1960 3400 2016 vicum

722 2048 792 2105 de
827 2048 971 2104 Colli
1006 2067 1176 2119 supra
1210 2048 1392 2103 rivum
1424 2047 1555 2104 Liri.
1609 2048 1975 2105 Territorium
2018 2048 2346 2115 Collinense,
2384 2048 2533 2117 quod
2565 2047 2803 2118 patebat
2838 2046 2911 2101 ad
2945 2047 3400 2118 septemtrionem

726 2135 886 2192 iuxta
922 2134 1071 2190 viam
1111 2135 1460 2201 Flaminiam,
1500 2136 1744 2192 occurrit
1777 2134 2101 2206 saepissime
2138 2134 2197 2189 in
2233 2134 2581 2191 documentis
2617 2133 2898 2190 Romanis.
