4055 6069
1311 1448 2441 1567 VELLETRI

1420 1641 1828 1727 (Velitrae.
1898 1642 2334 1729 Velletrae)

639 1953 877 2011 Ascanio
914 1952 1046 2010 Lan
1061 1953 1126 2008 di
1173 1951 1512 2024 compendio
1555 1952 1703 2009 delle
1739 1969 1865 2008 cose
1900 1952 1958 2008 di
1985 1952 2227 2018 Veletri,
2263 1972 2363 2009 ms.
2400 1973 2441 2010 s.
2470 1954 2653 2024 XVII,
2691 1955 2931 2012 velletri
2982 1954 3127 2011 Bibl.
3166 1956 3318 2027 capi·

430 2043 625 2099 tolare.
652 2071 717 2082 —
756 2040 910 2096 Gius.
938 2040 1131 2096 Bassi
1167 2038 1345 2106 (Gius.
1371 2038 1606 2109 Lauro)
1643 2038 2013 2096 Descrittione
2051 2039 2201 2096 della
2238 2039 2382 2096 citta
2418 2041 2477 2096 di
2499 2041 2714 2098 Veletri
2759 2044 2888 2110 ¹(1n
2927 2044 3104 2099 Roma
3140 2044 3297 2110 1631)
3309 2064 3322 2108 ;

431 2133 453 2164 ²
490 2126 750 2197 (velletri
803 2126 973 2195 1884).
1011 2155 1078 2167 —
1120 2125 1279 2182 Belle
1329 2125 1528 2196 papali
1575 2124 1643 2179 ed
1680 2125 1814 2181 altri
1848 2125 2167 2181 documenti
2207 2127 2542 2183 medioevali
2578 2128 2932 2200 riguardanti
2978 2130 3038 2184 la
3083 2128 3227 2185 citta
3264 2129 3321 2184 di

427 2214 665 2273 Velletri
702 2212 975 2283 (Velitris.
1013 2211 1161 2267 Isola
1196 2213 1350 2268 1640.
1386 2211 1520 2267 Non-
1552 2210 1709 2278 vidi).
1747 2241 1812 2252 —
1853 2211 1998 2283 Ugh
2015 2213 2138 2268 elli
2181 2217 2197 2247 ¹
2226 2215 2250 2268 1
2286 2216 2354 2269 57
2373 2233 2484 2285 sq.;
2525 2215 2781 2286 ²141sq.
2823 2247 2882 2256 —
2924 2216 3321 2273 Bonaventura

427 2300 676 2357 Theuli
726 2300 933 2356 Teatro
976 2298 1243 2354 historico
1290 2298 1349 2354 di
1386 2297 1625 2353 Velletri
1660 2297 1881 2370 insigne
1917 2299 2063 2355 citta
2099 2318 2129 2355 e
2167 2317 2308 2371 capo
2345 2301 2429 2357 de'
2448 2301 2640 2358 Volsci
2681 2305 2698 2336 ¹
2736 2303 2824 2370 (In
2859 2302 3097 2359 Velletri
3137 2304 3319 2370 1644);

429 2393 451 2424 ²
485 2387 744 2455 (velletri
782 2388 956 2456 1885).
981 2417 1045 2426 —
1070 2385 1323 2455 Synodus
1359 2385 1650 2442 Veliterna
1686 2402 1737 2441 a.
1766 2385 1901 2441 1673
1937 2388 1996 2441 et
2032 2403 2085 2441 a.
2113 2386 2262 2443 1818.
2301 2416 2366 2427 -
2402 2387 2730 2444 Facultates
2765 2394 2824 2445 et
2858 2389 3165 2461 privilegia
3200 2391 3317 2446 Em.

386 2498 397 2523 α
428 2473 577 2532 card.
633 2474 829 2530 decani
883 2473 942 2528 in
992 2473 1324 2543 episcopatu
1372 2471 1615 2528 Ostiensi
1653 2477 1713 2528 et
1749 2472 2125 2528 Veliternensi
2162 2474 2247 2540 (In
2283 2473 2522 2530 Velletri
2560 2477 2731 2545 1684).
2777 2505 2844 2517 —
2891 2477 2949 2532 C.
2976 2476 3040 2533 B.
3068 2476 3321 2535 Piazza

427 2561 731 2619 Get-archia
768 2561 916 2617 card.
954 2579 1008 2631 p.
1043 2560 1208 2629 26sq.
1265 2590 1330 2599 —
1385 2558 1534 2615 Gios.
1571 2558 1741 2615 Savo
1796 2559 1876 2615 La
1912 2559 2103 2616 chiesa
2150 2560 2508 2631 parocchiale
2554 2560 2614 2616 di
2658 2561 2709 2616 S.
2735 2562 2979 2619 Michele
3018 2566 3319 2635 arcangelo

427 2649 582 2704 nella
635 2648 779 2704 citta
823 2647 882 2702 di
911 2646 1147 2702 Velletri
1194 2645 1279 2713 (In
1318 2645 1556 2701 Velletri
1596 2647 1769 2715 1715).
1823 2678 1889 2686 -
1943 2645 2277 2702 Alessandro
2321 2646 2573 2719 Borgia
2627 2648 2830 2703 Istoria
2875 2649 3026 2706 della
3062 2650 3252 2706 chiesa
3287 2670 3317 2708 e

427 2735 573 2791 citta
608 2734 664 2789 di
700 2733 937 2790 velletri
984 2734 1070 2800 (In
1107 2731 1326 2788 Nocera
1365 2732 1512 2788 1723.
1584 2731 1886 2803 Exemplar
1928 2750 2055 2787 cum
2090 2732 2553 2790 adnotationibus
2589 2738 2650 2789 et
2683 2734 3084 2793 additamentis
3130 2742 3319 2793 exstat

426 2823 635 2880 Romae
690 2820 748 2876 in
816 2820 953 2877 bibl.
990 2820 1273 2877 Vaticana
1332 2820 1523 2876 Museo
1589 2820 1797 2891 Borgia
1842 2820 1963 2875 cod.
1999 2820 2104 2875 272
2160 2820 2240 2888 (M
2286 2820 2366 2875 111
2402 2822 2522 2889 41);
2590 2821 2659 2877 cf.
2715 2821 2866 2877 Gott.
2923 2823 3130 2879 Nachr.
3181 2825 3317 2881 1903

426 2928 482 2979 p.
505 2909 610 2979 70).
649 2937 713 2947 -
748 2907 809 2962 F.
835 2908 899 2964 A.
925 2907 1189 2963 Maroni
1227 2906 1670 2963 Commentarius
1716 2907 1786 2963 de
1823 2906 2075 2963 ecclesiis
2110 2910 2171 2964 et
2205 2906 2488 2979 episcopis
2524 2908 2873 2965 Ostiensibus
2916 2914 2977 2966 et
3013 2909 3319 2968 Veliternis

430 2996 662 3063 (Romae
701 2994 855 3065 1766)
892 3013 946 3066 p.
971 2996 1036 3051 51
1065 3013 1145 3065 sq.
1171 3024 1238 3036 —-
1274 2993 1468 3065 Steph.
1492 2992 1756 3066 Borgia
1793 2994 1874 3050 De
1911 3011 2074 3051 cruce
2097 2992 2387 3050 Veliterna
2423 2996 2852 3052 commentarius
2889 2996 3119 3065 (Romae
3148 2998 3320 3067 1780).

427 3114 495 3123 -
529 3082 747 3154 Angelo
783 3082 977 3154 Ugge
991 3082 1046 3137 ri
1083 3081 1382 3137 Antichita
1417 3080 1704 3138 Veliterne
1740 3081 1830 3137 del
1868 3081 2052 3137 medio
2089 3098 2190 3137 evo
2226 3080 2425 3152 (Roma
2460 3082 2631 3151 1824).
2664 3114 2726 3124 -
2753 3082 2919 3155 Lnigi
2958 3082 3319 3142 cardinali

427 3169 498 3224 Di
536 3172 628 3223 un’
654 3168 843 3224 antico
878 3168 1070 3240 sigillo
1105 3168 1416 3239 capitolare
1453 3167 1538 3223 in:
1575 3168 1807 3224 Dissert.
1843 3168 1972 3223 dell·
1997 3168 2204 3223 Accad.
2240 3167 2395 3223 Rom.
2434 3166 2493 3222 di
2532 3167 2775 3225 archeol.
2812 3169 2865 3223 11
2904 3170 3082 3241 (1825)
3118 3172 3220 3228 293
3238 3192 3319 3243 sq.

428 3247 493 3296 -—'
552 3254 719 3326 Luigi
754 3254 1113 3312 Cardinali
1159 3255 1232 3310 Di
1284 3255 1473 3311 alcuni
1528 3253 1736 3311 ediflzii
1772 3253 2048 3310 Veliterni
2096 3255 2188 3309 del
2239 3271 2346 3310 sec.
2383 3255 2460 3308 XI
2515 3254 2715 3322 (Roma
2755 3255 2924 3324 1825).
2969 3287 3034 3297 -
3089 3257 3147 3312 C.
3183 3257 3319 3315 Fea

428 3340 721 3398 Antichita
756 3342 815 3397 di
839 3341 1053 3399 Veletri
1088 3340 1172 3397 in:
1209 3342 1572 3397 Miscellanea
1595 3341 1648 3396 11
1675 3340 1875 3409 (Roma
1900 3341 2075 3410 1836).
2099 3372 2166 3380 -
2192 3341 2509 3397 Marocco
2544 3341 2892 3398 Monumenti
2917 3341 2995 3397 VI
3025 3343 3125 3399 163
3147 3362 3228 3413 sq.
3250 3375 3315 3384 —

426 3429 478 3483 N
489 3428 555 3483 ib
572 3428 654 3496 by
694 3428 908 3484 Analisi
948 3433 969 3464 ¹
991 3429 1074 3483 111
1111 3428 1312 3498 4380q.
1371 3457 1436 3468 —·
1490 3429 1785 3483 'Pommaso
1822 3427 2053 3483 Bauco
2090 3427 2428 3499 Compendio
2477 3428 2626 3484 della
2663 3427 2840 3484 storia
2863 3429 3155 3486 Veliterna
3193 3432 3233 3486 1.
3263 3431 3318 3486 11

431 3519 449 3551 ¹
475 3515 676 3584 (Roma
700 3515 884 3584 1841);
914 3518 935 3549 ¹
958 3515 1166 3583 (Storia
1189 3514 1341 3571 della
1369 3515 1513 3571 citta
1537 3515 1597 3570 di
1620 3514 1837 3571 Veletri
1862 3516 1903 3569 Ι.
1931 3514 1999 3569 11.
2040 3513 2257 3571 Veletri
2293 3515 2469 3584 1851).
2488 3545 2553 3556 —·
2581 3514 2914 3586 Cappelle
2931 3515 3024 3573 tti
3062 3518 3087 3571 1
3110 3518 3216 3573 454
3233 3536 3316 3587 sq.

427 3633 493 3643 —
529 3601 791 3658 Moroni
828 3601 1144 3659 Dizionario
1182 3601 1463 3657 LXXXIX
1498 3601 1667 3671 34sq.
1716 3632 1783 3642 —
1829 3602 1892 3657 Ε.
1917 3601 2297 3657 Stevenson
2348 3601 2681 3659 Documenti
2718 3601 2850 3658 dell'
2874 3602 3128 3660 archivio
3164 3603 3317 3660 della

425 3688 737 3746 cattedrale
773 3689 830 3744 di
866 3688 1106 3746 Velletri
1141 3688 1228 3744 in:
1263 3689 1428 3745 Arch.
1468 3689 1621 3745 della
1655 3687 1777 3746 Soc.
1815 3688 1971 3744 Rom.
2009 3688 2115 3743 XII
2152 3687 2330 3757 (1889)
2367 3688 2533 3758 630q.

1332 3965 1806 4050 Episcopatus
1855 3964 2400 4032 veliternensis.

640 4107 957 4192 Velitrae,
1005 4108 1517 4192 antiquissimum
1563 4105 1945 4170 Volscorum
1993 4105 2330 4191 oppidum,
2385 4108 2513 4171 iarn
2561 4129 2601 4171 a
2646 4105 2871 4191 priscis
2917 4105 3315 4190 temporibus

425 4213 753 4298 proprium
801 4214 1173 4297 episcopum
1233 4210 1491 4294 habuit,
1555 4209 1929 4275 immediate
1988 4210 2269 4294 pontiflci
2328 4210 2624 4275 Romano
2684 4209 3059 4274 subiectum.
3150 4211 3315 4275 Eum

426 4318 576 4383 olim
625 4338 820 4381 unum
867 4339 903 4382 e
951 4323 1203 4401 septem
1250 4313 1680 4379 cardinalibus
1725 4315 2045 4398 episcopis
2075 4314 2289 4397 fuisse,
2338 4314 2602 4400 Ughelli
2632 4313 2871 4398 aliique
2903 4313 3313 4400 contendunt,

423 4421 538 4488 sed
583 4422 750 4486 inter
792 4422 968 4506 ipsos
1013 4419 1372 4485 cardinales
1402 4420 1740 4504 episcopos
1785 4418 2019 4482 frustra
2066 4419 2403 4483 inveneris.
2473 4419 2716 4483 Verum
2766 4426 2883 4501 est,
2931 4418 3013 4482 ab
3060 4440 3138 4484 eo
3185 4440 3313 4483 una

425 4548 568 4590 cum
618 4524 897 4590 Ostiensi
959 4534 1024 4591 et
1076 4524 1419 4588 Portuensi
1480 4524 1772 4587 Leonem
1831 4522 1900 4585 II
1962 4529 2029 4588 et
2083 4522 2439 4587 Iohannem
2475 4521 2537 4586 V
2590 4521 2921 4587 Romanos
2979 4523 3314 4607 pontifices

423 4637 830 4696 consecratos
875 4630 1071 4696 fuisse
1130 4628 1304 4714 (Lib.
1351 4628 1577 4713 pontif.
1626 4627 1728 4692 ed.
1774 4626 2121 4693 Duchesne
2165 4627 2202 4691 I
2247 4631 2391 4694 360.
2440 4630 2595 4703 366;
2654 4626 3020 4691 Mommsen
3064 4648 3127 4711 p.
3160 4629 3305 4691 202.

424 4733 609 4819 205);
657 4732 772 4798 sed
818 4735 957 4819 ipse
1004 4740 1227 4799 auctor
1258 4733 1450 4798 Vitae
1482 4731 1721 4797 Leonis
1749 4730 1815 4795 11
1863 4739 2039 4796 recte
2080 4730 2553 4812 animadvertit,
2602 4752 2747 4796 eum
2792 4730 2860 4795 id
2892 4731 3101 4816 egisse
3152 4751 3307 4814 „pro

422 4860 500 4903 eo
548 4837 720 4923 quod
767 4838 1151 4903 Albanensis
1196 4837 1471 4901 ecclesia
1516 4837 1889 4920 episcopum
1940 4836 2202 4901 minime
2249 4834 2548 4912 habuit“;
2608 4836 2779 4900 unde
2835 4836 3025 4900 facile
3071 4835 3307 4899 intelli·

420 4943 625 5029 gitur,
693 4941 1210 5008 Veliternensem
1275 4941 1420 5006 loco
1488 4938 1875 5004 Albanensis
1944 4939 2231 5004 functum
2304 4939 2516 5005 officio
2585 4960 2746 5004 esse.
2843 4939 3311 5004 Veliternensis

423 5046 715 5130 ecclesia,
751 5048 854 5109 cui
885 5045 1236 5132 Gregorius
1268 5046 1300 5109 I
1332 5046 1662 5129 antiquam
1694 5043 2130 5128 episcopalem
2163 5043 2384 5109 sedem
2413 5044 2479 5106 in
2509 5042 2747 5127 oppido
2779 5041 2941 5107 Tres
2972 5040 3311 5108 Tabernae

421 5151 624 5215 fertur
667 5149 1055 5233 adiunxisse,
1103 5149 1252 5214 inde
1300 5172 1339 5213 a
1384 5168 1552 5214 saec.
1587 5146 1688 5211 XI
1734 5167 1835 5211 ex.
1898 5146 1978 5211 ab
2027 5146 2431 5213 Ostiensibus
2491 5147 2808 5231 episcopis
2867 5143 3314 5210 administrata

419 5253 530 5339 (cf.
563 5254 656 5319 St.
688 5255 931 5340 Borgia
960 5276 1022 5339 p.
1055 5253 1152 5319 VI
1181 5260 1312 5319 not.
1348 5254 1389 5317 b
1420 5261 1488 5322 et
1515 5251 1765 5316 Maroni
1796 5272 1857 5335 p.
1894 5255 1965 5314 71
1999 5253 2145 5337 sq.)‚
2192 5252 2445 5316 circiter
2475 5271 2533 5315 a.
2573 5255 2735 5315 1150
2767 5247 2851 5313 ab
2881 5246 3176 5331 Eugenio
3207 5243 3312 5308 III
