4055 6069
635 423 756 484 128
1953 419 2191 475 Latium.

630 596 839 659 denuo
897 595 1164 680 erigitur
1215 595 1277 658 in
1335 593 1776 660 cathedralem
1833 603 1897 659 et
1955 597 2269 661 ecclesiae
2316 597 2756 662 Terracinensi
2814 619 3020 683 aeque
3079 599 3519 683 principaliter

629 702 869 782 unitur,
926 700 1015 763 ita
1071 707 1140 763 ut
1194 698 1705 763 concathedralis
1761 721 1903 763 cum
1951 700 2395 765 Terracinensi
2441 702 2523 764 sit
2569 708 2634 764 et
2681 704 3017 785 episcopus
3062 723 3177 785 pro
3226 709 3516 786 tempore

631 805 946 868 exsistens
991 825 1090 886 ep.
1138 802 1614 867 Terracinensis
1661 808 1726 865 et
1772 803 2027 868 Setinus
2074 824 2215 868 csse
2263 812 2327 867 et
2372 806 2685 868 nominari
2733 803 2987 870 debeat.

846 907 923 971 In
968 907 1088 972 hac
1135 908 1417 972 dioecesi
1459 908 1673 971 floruit
1719 907 1871 970 olim
1916 909 2375 972 monasterium
2422 931 2469 971 s.
2504 908 2826 973 Caeciliae
2873 907 2953 973 ab
3000 910 3139 992 ipso
3186 932 3235 971 s.
3267 910 3515 974 Lidano

630 1033 798 1076 saec.
831 1011 933 1076 XI
977 1011 1322 1094 conditum,
1371 1013 1548 1075 cuius
1594 1019 1808 1075 tamen
1857 1011 2261 1095 documenta,
2311 1012 2483 1097 quod
2528 1013 2745 1093 sciam,
2794 1011 3255 1077 desiderantur.

845 1185 946 1249 De
993 1186 1266 1250 archivis
1312 1186 1547 1250 Setinis
1594 1184 1670 1248 cf.
1719 1184 2082 1249 Bet-hmann
2131 1187 2190 1248 in
2231 1185 2472 1249 Archiv
2502 1186 2637 1250 XII
2671 1191 2825 1263 4813
2873 1185 3046 1250 Gett.
3080 1185 3317 1250 Nachr.
3357 1191 3509 1251 1901

630 1313 691 1376 p.
728 1295 871 1355 200.

1109 1496 1430 1565 Ecclesia
1475 1497 1861 1579 collegiata
1906 1497 2110 1582 (olim
2159 1495 2629 1583 cathedralis)
2676 1513 2731 1563 s.
2765 1497 3055 1564 Mariae.

850 1639 1178 1703 Ecclesiae
1246 1661 1294 1703 s.
1349 1638 1594 1704 Mariae
1663 1638 1923 1703 Setinae
1992 1639 2317 1703 archivum
2380 1659 2704 1723 perpauca
2773 1639 3057 1703 continet
3114 1638 3516 1704 documenta.

634 1744 812 1808 Inter
856 1764 935 1807 ea
979 1742 1370 1807 Corradinus
1416 1744 1906 1807 instrumentum
1954 1740 2277 1827 quoddam
2325 1740 2647 1825 publicum
2696 1763 2753 1805 a.
2793 1745 2952 1807 1286
2999 1742 3114 1806 sub
3146 1743 3517 1826 pontificatu

633 1848 906 1912 Honorii
940 1846 1036 1910 IV
1082 1848 1442 1911 confectum
1489 1847 1730 1910 invenit
1774 1846 1864 1930 (p.
1900 1844 2033 1930 97).
2081 1844 2188 1908 ubi
2233 1845 2487 1930 legitur,
2536 1846 2848 1909 ecclesiae
2883 1845 3141 1910 Setinae
3189 1868 3227 1910 a
3258 1849 3519 1911 summis

632 1952 1038 2037 pontificibus
1083 1951 1373 2016 Honorio
1420 1951 1517 2033 ΙΙ,
1572 1951 1897 2016 Celestino
1945 1949 2009 2012 II
2069 1956 2134 2014 et
2180 1949 2550 2013 Innocentio
2585 1949 2687 2012 III
2742 1970 2859 2013 nec
2915 1971 3042 2013 non
3097 1949 3179 2014 ab
3242 1952 3518 2034 impera-

633 2056 875 2121 toribus
938 2064 1004 2120 et
1067 2057 1393 2141 signanter
1451 2054 1707 2119 Othone
1754 2055 1992 2139 Magno
2049 2053 2385 2139 privilegia
2438 2053 2632 2117 fuisse
2692 2073 3016 2117 concessa.
3114 2053 3519 2139 Quamquam

634 2160 780 2224 huic
823 2161 1090 2224 notitiae
1135 2159 1329 2224 fidem
1375 2160 1704 2223 minimam
1753 2156 2227 2223 attribuendam
2275 2178 2416 2220 esse
2472 2179 2587 2241 pro
2650 2163 2824 2221 certo
2886 2155 3126 2240 habeo,
3183 2158 3520 2243 privilegia

635 2270 851 2328 tamen
895 2263 1167 2328 Honorii
1213 2263 1282 2326 11
1329 2271 1394 2328 et
1439 2262 1745 2328 Celestini
1791 2262 1860 2325 II
1905 2262 2137 2325 refero.

635 2437 714 2499 *1
2988 2434 3433 2517 (ΠΜ-309)

635 2541 1027 2606 Honorius
1072 2539 1252 2625 II(?)
1297 2541 1591 2607 concedit
1636 2541 2063 2625 privilegium.

842 2652 1024 2708 Laud.
1060 2653 1124 2705 in
1157 2652 1508 2706 instrwnento
1543 2660 1753 2708 a.1286
1786 2668 1876 2721 ap.
1908 2650 2198 2705 Com-adini
2226 2668 2284 2718 p.
2310 2658 2386 2705 97.
2424 2680 2492 2690 —
2531 2649 2668 2720 Req.
2708 2649 2813 2704 JL.
2855 2680 2936 2704 -.

1015 2748 1167 2803 Haec
1202 2747 1411 2803 notitia
1446 2747 1680 2803 fortasse
1718 2747 1788 2802 ad
1824 2745 2130 2802 Honorium
2170 2746 2248 2799 111
2284 2744 2574 2801 referenda
2608 2749 2710 2801 est.

635 2855 717 2918 *2
2984 2852 3354 2931 (1143—44
3370 2848 3434 2933 ?)

637 2958 1096 3024 Celestinus
1141 2957 1313 3047 II(?)
1361 2958 1656 3025 concedit
1698 2958 2123 3045 privilegium.

845 3070 1029 3125 Laud.
1067 3077 1128 3124 ut
1163 3089 1218 3125 n.
1249 3082 1288 3125 1.
1325 3100 1393 3110 —
1432 3070 1564 3139 Req.
1603 3070 1720 3127 JL.
1757 3101 1840 3125 —.

1016 3167 1105 3219 An
1139 3165 1332 3235 potius
1369 3163 1647 3221 Celestiuo
1685 3165 1766 3219 111
1803 3164 2217 3221 attribuamus?

1793 3441 2056 3510 Civitas
2102 3440 2368 3536 Sethia.

854 3583 1114 3648 Setinae
1197 3582 1471 3646 civitatis
1557 3581 1881 3645 archivum
1961 3579 2490 3644 documentorum
2567 3580 2941 3665 antiquioris
3007 3583 3149 3645 aevi
3218 3583 3518 3667 exiguum

638 3709 970 3753 numerum
1045 3685 1364 3772 possidet,
1437 3686 1604 3749 inter
1678 3705 1842 3770 quae
1919 3683 2128 3748 bullas
2202 3706 2318 3768 pro
2395 3685 2783 3749 monasterio
2859 3683 3102 3749 Fossae
3172 3706 3376 3749 novae
3442 3707 3523 3749 ex

638 3791 771 3855 PP.
825 3789 1166 3855 Societatis
1233 3790 1382 3854 Iesu
1435 3789 1710 3873 collegio
1775 3788 1994 3854 Setino
2064 3788 2187 3852 huc
2255 3789 2596 3853 translatas
2663 3810 2777 3853 suo
2845 3789 2990 3852 loco
3059 3788 3522 3854 adnotavimus.

637 3895 871 3958 Exstat
900 3892 1225 3979 quoddam
1256 3893 1688 3957 Inventarium
1725 3891 2121 3978 quorundam
2157 3893 2638 3977 privilegiorum
2669 3894 2998 3977 papalium
3044 3901 3110 3958 et
3138 3895 3523 3959 instrumen-

641 4006 848 4062 torum
896 4000 1295 4062 inventorum
1352 3998 1415 4060 in
1463 3998 1637 4062 curia
1683 3995 1904 4061 Setina
1957 3996 2042 4060 ad
2090 4018 2424 4062 commune
2473 3996 2688 4062 Setiae
2743 3999 3199 4082 pertinentium
3254 4020 3311 4062 a.
3361 4001 3522 4062 1295

640 4101 830 4187 (sign.
881 4102 1033 4166 fasc.
1068 4100 1239 4164 VIII
1284 4123 1335 4166 c.
1381 4101 1454 4163 I·
1497 4124 1556 4166 n.
1599 4100 1766 4186 145),
1814 4103 1879 4164 in
1926 4122 2051 4186 quo
2097 4102 2277 4165 Lucii
2326 4101 2431 4163 III
2475 4102 2881 4186 privilegium
2928 4123 3122 4165 unum
3171 4103 3525 4166 invenimus

643 4205 995 4271 laudatum.

853 4308 1259 4374 Adnotamus
1290 4315 1649 4396 praeterea,
1697 4317 1973 4373 castrum
2007 4307 2278 4373 Sitinum
2312 4331 2368 4372 a.
2412 4311 2564 4374 1201
2604 4309 2685 4373 ab
2717 4309 3087 4374 Innocentio
3119 4309 3223 4372 III
3255 4308 3523 4373 Iohanni

643 4413 723 4479 de
772 4399 1063 4479 Cecca‘no
1109 4414 1175 4476 in
1218 4412 1600 4479 beneficium
1646 4413 2053 4498 adsignatum
2100 4434 2240 4477 esse
2302 4411 2414 4498 (ex
2461 4411 2698 4477 Cencio
2746 4434 2798 4477 c.
2848 4418 2967 4479 170
3023 4412 3169 4478 edd.
3216 4413 3524 4478 Muratori

641 4519 862 4602 Antiq.
909 4516 943 4580 I
989 4521 1142 4595 6213
1199 4517 1480 4582 Theiner
1531 4516 1689 4581 Cod.
1749 4516 1903 4602 dipl.
1960 4516 2131 4580 dom.
2189 4525 2382 4601 temp.
2431 4517 2465 4580 I
2512 4521 2591 4582 36
2650 4540 2710 4581 11.
2745 4523 2857 4594 45;
2916 4516 3524 4583 Fabre-Duchesne

643 4622 678 4685 Ι
722 4621 896 4706 427)

641 4779 741 4843 *1.
772 4781 817 4842 2
2755 4783 2956 4864 (1181
2999 4784 3245 4860 πρά-
3271 4782 3441 4860 nov.)

644 4883 932 4947 Lucius
977 4882 1081 4946 III
1127 4883 1324 4947 mittit
1367 4884 1614 4948 litteras
1661 4882 1819 4948 duas
1864 4883 2337 4948 adhortatorias
2384 4884 2465 4948 ad
2512 4884 3041 4958 Sermonetanos,
3100 4889 3170 4948 ut
3214 4906 3253 4948 a
3297 4903 3529 4969 guerra

645 5007 790 5052 cum
836 4985 1157 5051 Landulfo
1205 4986 1286 5052 de
1318 4986 1611 5052 Ceccano
1660 4994 1726 5052 et
1755 4985 1991 5051 Setinis
2036 5007 2231 5071 super
2260 4988 2610 5052 tenimento
2644 4987 2871 5072 Campi
2902 4988 3165 5051 Lazzari
3199 4986 3526 5053 desistant.

850 5097 1033 5152 Laud.
1075 5098 1130 5150 in
1177 5097 1422 5166 Greyorii
1467 5098 1699 5153 mabdiac.
1746 5099 2009 5152 semmua
2047 5116 2097 5152 a.
2130 5105 2244 5152 1181
2298 5115 2412 5154 που.
2442 5108 2504 5153 21)
2553 5098 2655 5165 (ed.
2692 5097 3044 5153 Lmnbardini
3077 5115 3127 5167 p.
3156 5102 3257 5166 42).
3296 5129 3358 5138 —
3399 5099 3527 5168 ΒΨ.

645 5185 749 5242 JL.
789 5192 969 5241 14508.
