4055 6069
1527 438 1730 500 Galera
1778 476 1845 486 —
1889 441 2277 516 Capi-acorum.
3257 448 3339 511 29

1586 739 1838 807 Pietra
1880 739 2213 807 Pertusa.

1656 862 1856 928 (Petra
1891 860 2157 929 Pertusa)

674 999 776 1064 De
820 1000 944 1065 hoc
988 1000 1131 1065 loco
1179 1001 1258 1066 cf.
1290 1001 1371 1066 N.
1406 1003 1492 1067 M.
1525 1002 1779 1066 Nicolai
1823 1003 1887 1065 in
1930 1002 2201 1067 Dissert.
2251 1001 2399 1066 dell'
2448 1001 2687 1070 Accad.
2725 1002 2914 1066 Rom.
2964 1002 3027 1065 di
3073 1002 3341 1067 archeo-

461 1104 635 1190 logia
663 1105 725 1169 V
771 1102 1000 1191 (1835)
1048 1110 1172 1170 319
1197 1129 1321 1191 sq.;
1369 1105 1584 1192 Nibby
1614 1105 1862 1170 Analisi
1897 1106 1923 1146 ²
1955 1106 2023 1169 Π
2056 1111 2181 1171 560
2213 1128 2337 1191 sq.;
2386 1105 2774 1171 Tomassetti
2820 1106 2885 1169 in
2929 1106 3121 1170 Arch.
3172 1106 3346 1170 della

461 1207 603 1273 Soc.
650 1207 839 1273 Rom.
873 1208 1007 1273 VII
1051 1208 1279 1295 (1884)
1327 1213 1449 1275 205
1472 1231 1566 1296 sq.

459 1382 540 1447 *1
2929 1383 3226 1448 974-85

461 1488 908 1553 Bonifatius
951 1487 1084 1554 VII
1129 1488 1301 1553 locat
1342 1488 1674 1553 castellum
1721 1488 1918 1553 Petra
1950 1487 2224 1552 Pertusa
2255 1508 2398 1552 cum
2431 1488 2723 1552 omnibus
2770 1489 2828 1552 ei
2860 1384 3346 1572 p(ertinentib)us,

462 1612 608 1654 cum
662 1589 901 1676 placito
972 1597 1039 1655 et
1084 1591 1369 1657 districto
1429 1614 1651 1657 eorum
1711 1598 1776 1658 et
1830 1591 2199 1678 glandatico
2263 1597 2328 1655 et
2371 1591 2701 1656 herbatico
2768 1598 2899 1655 tam
2965 1591 3046 1654 de
3113 1590 3346 1655 eodem

463 1694 725 1759 castello
782 1716 975 1779 quam
1037 1695 1117 1760 de
1164 1695 1331 1760 villis
1394 1696 1477 1761 ad
1532 1717 1600 1761 se
1646 1695 2131 1780 pertinentibus.
2222 1695 2427 1759 Situm
2483 1701 2581 1759 est
2637 1696 2703 1759 in
2759 1696 3079 1760 territorio
3129 1693 3345 1759 Silvae

465 1797 815 1863 Candidae.

670 1909 968 1964 Deusdedit
1005 1910 1089 1965 lib.
1118 1910 1226 1964 ΙΙΙ
1248 1918 1417 1966 c.194
1452 1910 1609 1981 [149]
1643 1926 1709 1965 ex
1742 1917 1885 1964 tomo
1924 1910 2179 1965 chat-ticio
2212 1911 2275 1964 in
2307 1911 2635 1965 εήανιαῑανίο
2668 1910 2830 1964 iuxta
2864 1909 3155 1963 Paladium
3201 1909 3346 1975 (edd.

470 1996 797 2051 Martinuoei
824 2014 883 2065 p.
911 2003 1034 2063 317;
1082 1997 1234 2064 Wolf
1258 2015 1304 2052 v.
1343 1997 1589 2052 Glanvell
1613 2015 1670 2066 p.
1696 1999 1840 2067 357),·
1879 1998 2113 2052 Albinus
2148 1999 2234 2051 lib.
2266 1998 2326 2051 X
2361 2014 2402 2052 c.
2429 2005 2525 2064 30‚·
2566 1998 2792 2052 Oeneius
2824 2013 2867 2051 c.
2905 2004 2961 2050 71
2996 1994 3135 2063 (edd.
3181 1996 3349 2065 Coppa:

463 2082 525 2136 in
560 2083 783 2138 Πίθωνι.
826 2083 946 2137 dell’
989 2082 1187 2139 Accad.
1232 2085 1434 2152 pontif.
1481 2084 1541 2137 di
1574 2083 1797 2139 arclteol.
1836 2083 1959 2138 XV
1985 2085 2173 2151 (1864)
2211 2090 2313 2138 198
2345 2102 2401 2138 n.
2427 2092 2485 2147 6,·
2522 2083 2720 2138 Fabra-
2729 2083 3005 2138 Dtoehesne
3041 2083 3080 2136 Ι
3105 2087 3348 2150 348).—

469 2169 624 2239 Reyq.
659 2169 714 2224 J.
751 2176 898 2223 2926.
952 2169 1069 2226 JL.
1110 2176 1253 2225 3825.

1654 2358 2155 2445 Capracorum.

1299 2481 1542 2537 Domus
1579 2483 1769 2538 culta
1807 2514 1871 2524 —-
1910 2483 2087 2540 Eccl.
2126 2502 2166 2538 s.
2194 2482 2514 2538 Cornelii.

677 2622 865 2686 Hanc
896 2620 1156 2685 domum
1189 2622 1447 2701 cultam,
1493 2624 1772 2707 positam
1800 2625 1868 2687 in
1899 2624 2220 2688 territorio
2250 2623 2633 2708 Vegentano
2657 2619 2909 2705 (Veji),
2956 2621 3231 2685 miliario
3262 2620 3343 2685 ab

466 2724 621 2790 urbe
687 2725 900 2790 Roma
964 2725 1110 2810 plus
1172 2727 1379 2790 minus
1436 2725 1586 2811 XV,
1654 2729 1718 2791 in
1777 2728 1881 2792 via
1938 2727 2193 2811 Cassia,
2261 2725 2667 2792 Hadrianum
2709 2724 2744 2789 I
2811 2746 2894 2790 ex
2958 2725 3349 2791 hereditaria

465 2836 803 2913 parentum
847 2851 1104 2894 suorum
1151 2832 1554 2897 successione
1602 2834 1882 2897 tenuisse
1930 2838 1995 2897 et
2039 2838 2266 2917 postea
2309 2853 2428 2917 per
2472 2831 2894 2916 apostolicum
2941 2831 3347 2915 privilegium

465 2931 526 2995 b.
560 2932 756 2999 Petro
805 2933 1145 3033 obtulisse,
1180 2937 1322 3020 ipsa
1365 2934 1522 3000 Vita
1566 2936 1884 3001 Hadriani
1930 2936 1962 2999 I
2019 2943 2236 3001 narrat
2287 2935 2457 3021 (Lib.
2505 2936 2730 3020 pontif.
2780 2935 2879 3000 ed.
2925 2934 3267 3000 Duchesne
3315 2934 3348 2997 Ι

467 3043 610 3103 501.
658 3037 832 3124 502).
923 3038 1218 3105 Castrum
1268 3039 1703 3126 Capracorum
1734 3042 2138 3106 Hadrianum
2185 3042 2217 3105 I
2257 3042 2578 3107 canonicis
2624 3064 2672 3104 s.
2706 3040 2886 3105 Petri
2931 3041 2996 3103 in
3029 3039 3347 3105 Vaticano

468 3141 769 3228 donasse,
816 3143 1049 3210 Petrus
1094 3145 1350 3210 Mallius
1408 3153 1475 3211 et
1516 3145 1876 3231 Maphaeus
1921 3147 2169 3232 Vegius
2214 3145 2535 3211 affirmant
2578 3144 2837 3230 (Roma,
2883 3144 3054 3208 Eccl.
3089 3166 3137 3207 s.
3171 3143 3348 3208 Petri

468 3248 533 3309 in
576 3246 894 3312 Vaticano
941 3270 1000 3312 n.
1045 3248 1166 3334 11).
1256 3249 1555 3335 Denique
1616 3249 1801 3335 plebs
1855 3273 1902 3315 s.
1937 3250 2221 3316 Cornelii
2284 3252 2350 3313 in
2404 3249 2790 3334 Capracorio
2849 3255 3242 3313 memoratur
3285 3249 3351 3311 in

467 3350 821 3436 privilegiis
874 3374 992 3436 pro
1051 3354 1426 3438 episcopatu
1480 3353 1696 3419 Silvae
1754 3354 2106 3419 Candidae.
2213 3354 2314 3420 De
2372 3355 2513 3419 loco
2573 3352 2651 3417 cf.
2698 3353 2930 3418 Marini
2986 3351 3148 3436 Pap.
3197 3351 3349 3437 dipl.

466 3477 528 3539 p.
564 3459 689 3522 240
713 3478 840 3540 sq.;
888 3455 1097 3541 Coppi
1140 3458 1206 3520 in
1235 3456 1504 3522 Dissert.
1539 3457 1686 3522 dell'
1720 3458 1962 3523 Accad.
1994 3457 2221 3543 pontif.
2256 3457 2321 3522 di
2366 3458 2644 3522 archeol.
2679 3457 2777 3521 IX
2807 3454 3036 3542 (1839)
3068 3459 3182 3519 521
3226 3477 3351 3541 sq.;

470 3558 857 3626 Tomassetti
902 3561 967 3623 in
1010 3560 1205 3625 Arch.
1254 3560 1427 3627 della
1473 3561 1616 3627 Soc.
1657 3561 1845 3626 Rom.
1880 3562 1942 3626 V
1971 3561 2199 3647 (1882)
2238 3565 2354 3627 137
2390 3584 2514 3646 sq.;
2561 3560 2902 3626 Duchesne
2948 3560 3090 3624 Lib.
3124 3560 3348 3645 pontif.

470 3663 502 3727 I
536 3666 660 3728 518
704 3670 837 3728 not.
872 3668 973 3729 52.

469 3819 550 3882 *1
2939 3820 3137 3885 772—
3152 3818 3234 3881 95

469 3923 919 3989 Hadrianus
962 3924 997 3990 I
1044 3925 1477 3992 domocultam
1509 3926 1943 4012 Capi-acorum
1988 3947 2133 3991 cum
2179 3927 2424 4006 massis,
2470 3925 2701 4004 fundis,
2749 3819 3084 4007 casalibus,
3130 3820 3351 4002 vineis,

473 4029 758 4112 olivetis,
814 4030 1155 4115 aquimolis
1202 4036 1267 4095 et
1312 4030 1604 4095 omnibus
1650 4033 1708 4096 ei
1754 4029 2219 4116 pertinentibus
2265 4031 2487 4094 statuit
2529 4051 2647 4114 per
2690 4027 3112 4113 apostolicum
3158 4027 3352 4111 privi-

473 4133 714 4218 legium
775 4133 891 4198 sub
948 4136 1199 4219 magnis
1259 4135 1686 4200 anathematis
1745 4134 2269 4221 obligationibus,
2323 4141 2394 4198 ut
2443 4135 2510 4197 in
2555 4155 2671 4198 usu
2717 4131 2954 4198 Christi
2997 4151 3350 4216 pauperum

471 4238 838 4321 perenniter
880 4245 1276 4323 permaneat.

678 4348 863 4404 Laud.
899 4351 961 4402 in
992 4348 1117 4403 Vita
1146 4348 1427 4403 Hadriani
1451 4349 1494 4403 I
1510 4350 1651 4416 (Lib.
1667 4356 1821 4419 pontv
1804 4350 1866 4416 if.
1892 4349 1971 4404 ed.
1997 4349 2282 4404 Duchesne
2308 4350 2580 4420 1501).—
2609 4348 2773 4419 Περρ.
2798 4347 2861 4403 J.
2887 4352 3030 4402 1903.
3065 4345 3181 4403 JE.
3206 4352 3352 4401 2436.

854 4444 923 4498 cf.
958 4443 1267 4500 Deusdedit
1310 4443 1410 4499 lib.
1436 4444 1518 4498 III
1573 4462 1618 4501 c.
1656 4445 1754 4500 189
1792 4444 1934 4514 [149]
1984 4444 2128 4511 (edd.
2167 4443 2502 4500 Martinucci
2537 4462 2592 4514 p.
2618 4443 2745 4506 3153
2796 4441 2960 4497 Wolf
3002 4460 3052 4496 ν.
3095 4439 3354 4496 Glanvell

681 4549 735 4602 p.
761 4532 901 4600 352).
972 4533 1210 4588 Albinus
1244 4532 1346 4590 lib.
1375 4533 1440 4589 X.
1514 4533 1751 4589 Oeneius
1788 4552 1833 4589 c.
1861 4535 1923 4588 71
1964 4534 2071 4600 (ed.
2110 4532 2622 4589 Fabre-Duchesne
2659 4532 2683 4585 1
2720 4530 2862 4598 346).

472 4651 554 4716 *2
2906 4649 3269 4733 (772—95)

474 4754 915 4821 Hadrianus
960 4757 992 4820 I
1038 4759 1102 4821 in
1136 4756 1503 4824 domoculta
1535 4781 1595 4845 q.
1630 4781 1777 4845 app.
1813 4758 2248 4844 Capi-acorum
2282 4759 2642 4840 ecclesiam,
2688 4778 2727 4820 a
2755 4776 2896 4820 sese
2928 4754 3354 4839 aedificatam,

476 4858 535 4923 b.
570 4860 768 4925 Petro
816 4860 1099 4945 dedicat,
1169 4860 1524 4926 recondens
1570 4864 1633 4927 in
1688 4885 1765 4927 ea
1811 4864 2116 4948 reliquias
2175 4869 2243 4928 et
2295 4883 2566 4947 corpora
2617 4866 2999 4943 martyrum,
3053 4856 3358 4924 videlicet

474 4987 523 5029 s.
558 4965 859 5051 Cornelii,
907 4989 954 5030 s.
988 4967 1190 5050 Lucii,
1239 4988 1286 5028 s.
1318 4964 1555 5031 Felicis
1601 4975 1667 5032 et
1710 4990 1760 5032 s.
1794 4967 2170 5032 Innocentii.

683 5076 862 5131 Laud.
898 5078 961 5131 in
996 5078 1120 5133 Vita
1158 5076 1439 5131 Ηαᾱνίαηί
1474 5078 1511 5131 1
1538 5079 1681 5146 (Lab.
1709 5078 1914 5148 pontif.
1951 5078 2026 5134 ed.
2062 5078 2348 5134 Duchesne
2382 5076 2424 5131 Ι
2446 5081 2580 5145 506).
2618 5109 2685 5118 -·
2722 5074 2846 5146 Περ.
2881 5073 2996 5130 JE'.
3033 5104 3115 5132 —.
