4055 6069
687 475 769 537 60
2012 464 2254 523 Latium.

687 650 730 709 3
3012 646 3139 708 772
3181 644 3368 726 april.
3399 647 3487 711 22

685 750 1153 817 Hadrianus
1198 750 1231 814 Ι
1299 750 1584 816 Probato
1653 749 1871 816 abbati
1932 755 2083 816 ete.:
2153 748 2479 813 constituit
2541 769 2624 812 ex
2681 769 2797 814 sua
2861 770 3138 835 persona
3189 750 3569 818 Miooionem

686 856 1004 921 notarium
1072 856 1505 942 regionarium
1572 865 1640 922 et
1699 856 1979 940 priorem
2034 855 2316 921 vestiarii
2377 876 2424 919 s.
2473 854 2783 920 eeclesiae
2841 855 3104 941 eiusque
3172 877 3570 923 successores

685 960 968 1026 vestiarii
1023 961 1297 1044 priores,
1351 969 1424 1026 ut
1477 963 1771 1046 quotiens
1816 980 2261 1045 quaecumque
2316 980 2510 1024 causa
2560 961 2948 1025 monasterio
2995 963 3364 1046 accesserit,
3417 983 3567 1027 oon-

684 1064 897 1128 festim
952 1063 1036 1128 ad
1093 1084 1206 1130 eos
1262 1068 1436 1131 omni
1489 1068 1555 1131 in
1610 1073 1900 1151 tempore
1954 1065 2253 1130 monachi
2310 1070 2503 1151 atque
2561 1067 2738 1130 missi
2799 1068 3172 1132 monasterii
3226 1066 3571 1134 adveniant

685 1189 959 1253 suasque
1014 1170 1141 1232 illis
1200 1170 1483 1235 referant
1542 1192 1767 1235 causas
1822 1176 1890 1235 et
1942 1168 2024 1233 ab
2079 1170 2233 1254 ipsis
2276 1168 2593 1254 prioribus
2637 1172 2921 1236 vestiarii
2967 1175 3257 1257 proprias
3299 1175 3569 1240 iustitias

686 1274 1016 1358 recipiant.
1067 1310 1144 1321 —
1204 1274 1368 1339 Cum
1413 1276 1697 1340 maxima
1739 1273 1942 1338 nobis.
2042 1273 2192 1338 Dat.
2246 1278 2321 1339 10
2363 1273 2491 1338 kal.
2537 1275 2719 1358 mai.,
2779 1276 2930 1360 imp.
2979 1275 3038 1340 d.
3085 1298 3146 1340 n.
3202 1278 3375 1363 piiss.
3421 1301 3566 1364 aug.

686 1378 1101 1443 Constantino
1157 1399 1195 1441 a
1241 1378 1383 1444 Deo
1441 1400 1566 1443 eor.
1615 1399 1850 1464 magno
1906 1380 2059 1463 imp.
2116 1400 2173 1442 a.
2208 1381 2288 1443 53
2337 1384 2403 1443 et
2447 1399 2544 1462 po.
2594 1380 2730 1444 eius
2774 1402 2831 1444 a.
2867 1382 2968 1463 33,
3036 1381 3150 1446 sed
3216 1390 3284 1448 et
3347 1383 3567 1448 Leone

686 1503 922 1567 magno
968 1483 1121 1566 imp.
1171 1482 1305 1546 eius
1349 1483 1482 1547 filio
1528 1502 1587 1546 a.
1622 1486 1723 1564 21,
1769 1481 1898 1546 ind.
1938 1486 2035 1548 10.

893 1602 940 1657 G
966 1602 1010 1668 f.
1035 1609 1101 1657 34
1136 1618 1191 1657 n.
1218 1610 1298 1657 99.
1357 1602 1511 1671 [Dr.
1537 1609 1618 1658 43.
1673 1603 1733 1657 Ε
1760 1603 1807 1669 f.
1830 1606 1881 1659 8¹
1906 1603 2046 1657 Eaec.
2108 1602 2240 1671 Kp.
2270 1609 2353 1658 88.
2416 1603 2481 1658 N
2503 1620 2560 1672 p.
2591 1611 2648 1658 74
2672 1621 2727 1658 n.
2758 1613 2833 1658 91.
2874 1604 2967 1676 QJ.
2995 1635 3060 1645 —
3086 1605 3226 1662 Edd.
3259 1607 3569 1677 Mamas-ini

684 1690 829 1746 Bau.
874 1688 992 1744 Cas.
1032 1690 1103 1743 II
1131 1695 1195 1744 13
1229 1707 1282 1742 η.
1320 1697 1380 1744 16
1414 1706 1480 1744 ex
1517 1689 1564 1745 G
1594 1690 1682 1757 (10
1707 1689 1818 1745 kal.
1844 1692 2045 1759 mart).
2126 1690 2400 1744 Murato&
2442 1690 2557 1745 Ser.
2596 1690 2702 1744 Hb
2739 1698 2844 1745 346
2876 1706 2943 1746 m:
2978 1691 3051 1747 D.
3104 1692 3253 1749 Ball.
3294 1693 3450 1750 Rom.
3487 1694 3565 1749 ed.

689 1775 1029 1845 Gocqzoelines
1063 1775 1106 1830 I
1132 1783 1224 1831 158
1276 1794 1331 1830 n.
1369 1787 1396 1832 1
1441 1777 1531 1843 (10
1554 1776 1664 1832 kal.
1698 1778 1886 1841 mart.)
1934 1800 1998 1822 =
2035 1776 2180 1831 Bau.
2224 1776 2374 1832 Rom,
2412 1776 2493 1830 ed.
2546 1777 2711 1832 Taur.
2754 1777 2795 1830 Ι
2823 1785 2929 1833 264
2963 1796 3021 1831 n.
3062 1789 3105 1834 1.
3197 1780 3416 1835 Gaadti
3459 1781 3572 1837 Del

682 1861 974 1916 vestarario
994 1878 1053 1931 p.
1077 1869 1141 1918 25
1164 1878 1231 1917 ex
1256 1862 1303 1917 0
1323 1886 1387 1909 =
1419 1863 1599 1934 Proya
1634 1862 1686 1916 V
1707 1870 1805 1917 646
1827 1879 1878 1916 n.
1907 1869 2032 1917 958.
2093 1862 2280 1931 Gioryi
2303 1879 2331 1917 e
2358 1863 2591 1917 Balaam:
2615 1863 2769 1919 1183
2790 1881 2846 1918 n.
2872 1872 2938 1920 90
2962 1880 3028 1919 ex
3054 1865 3099 1920 G
3117 1866 3207 1934 (10
3230 1866 3341 1922 kal.
3365 1870 3564 1933 mart.).

684 1949 923 2002 Balaam?
956 1949 1000 2002 I
1025 1955 1114 2003 156
1146 1964 1212 2003 a
1245 1949 1317 2003 D.
1357 1980 1421 1989 -
1461 1949 1620 2019 3099.
1659 1949 1941 2003 Μαι-αισα·
1975 1949 2157 2018 Antiq,
2192 1948 2239 2004 V
2272 1955 2393 2004 692.
2442 1949 2497 2003 J.
2534 1955 2671 2005 1837.
2746 1951 2863 2007 JE.
2899 1957 3025 2006 2395
3059 1950 3136 2004 ad
3168 1951 3266 2021 seb.
3295 1960 3374 2007 20.

679 2110 758 2171 *4
3158 2110 3451 2173 772—95

681 2212 1123 2278 Hadrianus
1179 2210 1210 2273 I
1289 2208 1583 2275 coneedit
1649 2207 1808 2272 duos
1876 2208 2153 2293 casales,
2220 2209 2638 2273 Valerianum
2705 2216 2771 2274 et
2838 2108 3354 2277 secundilianum
3423 2112 3564 2278 gum

684 2316 997 2395 domibus,
1042 2317 1265 2397 vineis,
1313 2313 1564 2378 olivetis
1610 2319 1804 2397 atque
1852 2314 2115 2395 colonie,
2162 2322 2229 2377 et
2272 2313 2605 2377 confirmat
2650 2314 2809 2377 alios
2855 2314 3104 2379 fundos.

890 2433 1076 2491 Laud.
1112 2435 1176 2487 in
1208 2452 1263 2490 n.
1289 2443 1335 2489 6.
1366 2442 1406 2487 7.
1433 2439 1511 2488 28.
1537 2439 1616 2487 31.
1653 2463 1720 2472 -
1758 2432 1886 2502 Ray.
1911 2431 2025 2487 JE.
2070 2462 2150 2486 —.

684 2543 722 2605 ὕ
2790 2538 3115 2605 Laterano
3159 2542 3287 2603 813
3330 2541 3479 2604 mai.

683 2645 917 2710 Coram
962 2646 1223 2709 Leone
1256 2642 1378 2727 III,
1421 2641 1742 2707 residente
1775 2643 1842 2705 in
1872 2662 2053 2706 sacro
2086 2643 2328 2727 palatio
2360 2642 2800 2724 Lateranensi,
2833 2663 3025 2707 eausa
3055 2644 3221 2708 inter
3251 2645 3565 2727 Maurum,

679 2749 879 2813 filium
933 2747 996 2812 b.
1041 2768 1126 2811 m.
1183 2745 1447 2812 Suabini
1493 2746 1574 2811 de
1620 2745 1879 2828 Castro,
1935 2752 2002 2811 et
2056 2746 2477 2812 Benedictum
2538 2745 2839 2812 abbatem
2903 2746 2983 2811 de
3051 2746 3241 2812 rebus
3297 2754 3365 2812 et
3417 2747 3564 2812 sub-

681 2852 930 2917 stantiis
974 2852 1040 2915 in
1086 2851 1404 2917 territorio
1450 2848 1814 2915 Biterbensi
1858 2850 1960 2915 vel
2001 2851 2063 2914 in
2098 2850 2389 2915 Tuscana
2434 2851 2662 2935 agitur.

893 2970 940 3025 G
973 2971 1015 3038 f.
1042 2972 1119 3026 95⁴
1154 2986 1210 3023 n.
1236 2977 1342 3024 216.
1422 2968 1519 3040 [Ν
1542 2986 1599 3040 p.
1628 2977 1720 3024 178
1756 2987 1810 3024 n.
1843 2978 1962 3025 208.
2018 2969 2074 3023 P
2100 2985 2126 3022 1
2156 2971 2200 3038 f.
2227 2974 2369 3043 263J.
2405 3001 2472 3010 —
2524 2970 2668 3025 Edd.
2714 2971 2929 3026 Gaaetti
2963 2972 3069 3026 Del
3100 2974 3392 3028 vestarario
3419 2989 3477 3043 p.
3503 2978 3566 3028 31

681 3074 748 3113 ex
789 3058 845 3115 0.
921 3057 1096 3128 Troya
1132 3057 1292 3111 Della
1329 3056 1638 3111 conditione
1671 3056 1750 3110 ἆτ’
1777 3056 2013 3111 Romani
2048 3058 2186 3110 vinti
2217 3057 2307 3111 da'
2331 3057 2680 3127 Lomobamdi
2718 3061 2735 3091 ¹
2774 3059 3004 3127 (Napoli
3040 3061 3197 3127 1841)
3223 3077 3282 3128 p.
3316 3068 3420 3116 446
3452 3078 3507 3115 n.
3531 3069 3566 3116 8

680 3161 745 3199 ατ
772 3145 840 3209 O,-
878 3149 899 3180 ²
935 3143 1175 3212 (Milano
1215 3145 1363 3209 1844)
1392 3160 1448 3212 p.
1473 3149 1570 3199 366
1603 3160 1658 3195 π.
1684 3149 1734 3199 8.
1809 3142 2003 3213 Giorqi
2039 3160 2067 3197 e
2102 3144 2334 3197 Baleam'
2366 3144 2546 3199 11162
2579 3161 2633 3198 n.
2661 3151 2758 3199 199
2791 3160 2858 3198 ex
2897 3144 2952 3199 0.
2991 3176 3056 3185 -
3094 3145 3248 3216 Reyy.
3286 3146 3566 3201 Muratori

681 3231 864 3300 Antiq.
908 3230 960 3285 V
992 3238 1102 3286 699.
1186 3229 1411 3284 Hubner
1449 3229 1978 3284 Gm'chtwrkunden
2011 3247 2068 3285 n.
2097 3238 2211 3285 690.
2268 3229 2323 3284 J.
2363 3237 2502 3285 1927.
2574 3230 2691 3286 JE.
2728 3236 2874 3286 2526.

682 3391 723 3450 6
3058 3392 3187 3453 817
3230 3391 3362 3455 ian.
3393 3395 3480 3455 23

682 3489 1114 3575 Stephanus
1159 3489 1254 3553 IV
1322 3490 1635 3574 Ingoaldo
1691 3490 1906 3555 abbati
1972 3499 2121 3558 ete.:
2184 3492 2518 3557 confirmat
2569 3492 2799 3558 fundos
2866 3469 3139 3580 propriis
3205 3496 3564 3561 nominibus

682 3615 1022 3679 expressos
1069 3614 1150 3658 ex
1197 3595 1582 3678 patrimonio
1629 3593 1994 3678 Sabinensi,
2043 3597 2132 3660 ita
2177 3617 2331 3660 sane
2376 3603 2447 3660 ut
2491 3597 2755 3682 singulis
2801 3598 3157 3685 quibusque
3202 3600 3563 3666 indictioni-

685 3697 800 3763 bus
845 3699 1169 3784 pensionis
1212 3700 1469 3764 nomine
1521 3704 1597 3763 10
1632 3700 1768 3763 auri
1825 3700 1938 3764 sol.
1997 3700 2460 3785 persolvantur.
2508 3738 2592 3747 —
2648 3701 2811 3766 Cum
2855 3724 3092 3788 magna
3134 3704 3338 3769 nobis.
3428 3705 3561 3772 Sor.

683 3825 745 3887 p.
792 3824 875 3866 m.
946 3802 1392 3887 christophori
1437 3804 1644 3887 sorim,
1693 3805 1755 3867 in
1801 3826 1884 3867 m.
1931 3806 2079 3887 ian.,
2126 3803 2255 3868 ind.
2297 3810 2393 3870 10.
2460 3805 2610 3870 Dat.
2665 3810 2740 3870 10
2770 3805 2900 3870 kal.
2950 3807 3076 3872 feb.
3123 3831 3185 3893 p.
3221 3831 3302 3874 m.
3349 3810 3561 3876 Theo-

683 3907 820 3971 dori
877 3907 1415 3971 nomenculatoris
1473 3930 1520 3968 s.
1570 3906 1740 3971 sedis
1785 3915 2011 3992 apost,
2058 3909 2210 3993 imp.
2260 3907 2320 3972 d.
2370 3908 2732 3974 Hludovioo
2778 3912 2950 3996 piiss.
2998 3934 3104 3996 pp.
3138 3935 3284 3999 aug.
3332 3936 3370 3978 a
3415 3913 3557 3980 Deo

682 4032 809 4075 eor.
858 4031 1091 4095 magno
1138 4010 1327 4093 paoif.
1377 4012 1527 4095 imp.
1576 4033 1632 4075 a.
1668 4015 1705 4076 3
1752 4018 1819 4076 et
1862 4033 1960 4096 po.
2009 4013 2146 4076 eius
2191 4034 2249 4077 a.
2285 4016 2344 4092 3,
2391 4013 2520 4078 ind.
2552 4019 2648 4078 10.

889 4131 934 4186 Ο
973 4130 1017 4195 f.
1044 4138 1142 4185 104
1192 4146 1248 4185 n.
1284 4137 1402 4184 242.
1471 4130 1559 4200 [D
1591 4131 1636 4197 f.
1660 4139 1741 4186 59.
1809 4131 1872 4184 Ε
1898 4136 1940 4202 f.
1969 4140 2030 4186 12
2082 4132 2221 4186 Eme.
2299 4131 2445 4201 ΚΡ.
2477 4139 2558 4190 98.
2627 4133 2769 4202 Np.
2795 4141 2894 4189 202
2927 4151 2982 4188 n.
3004 4140 3112 4188 231.
3188 4135 3261 4190 0²
3292 4135 3335 4201 f.
3364 4137 3475 4191 123‘
3510 4141 3562 4190 et

681 4220 724 4285 f.
756 4223 858 4274 125⁰
896 4219 1034 4273 Eoec.
1111 4217 1166 4271 P
1190 4236 1217 4275 1
1247 4218 1289 4284 f.
1315 4219 1463 4288 283J.
1522 4247 1583 4256 -—
1634 4216 1785 4272 Edd.
1834 4219 2115 4273 Mercator-i
2158 4218 2267 4273 Sor.
2307 4218 2412 4273 Hb
2446 4226 2548 4275 366
2595 4235 2662 4274 ex
2705 4220 2764 4274 D
2801 4244 2863 4267 ε
2910 4220 3100 4291 Μᾶρκε
3150 4221 3419 4276 CXXIX
3453 4227 3562 4277 973.

681 4305 831 4360 Bull.
869 4305 1020 4360 Rom.
1055 4304 1135 4359 ed.
1184 4304 1516 4373 Coequelim
1560 4303 1603 4358 Ι
1633 4312 1722 4359 164
1761 4328 1824 4350 --
1862 4306 2005 4361 Ball.
2064 4305 2216 4360 Rom.
2260 4304 2337 4361 ed.
2392 4306 2556 4361 Taur.
2597 4307 2637 4361 Ι
2663 4313 2771 4362 262.
2854 4305 3074 4362 Gaudia·
3131 4308 3239 4363 Del
3275 4308 3562 4377 primicer-o

672 4408 733 4460 p.
769 4399 860 4446 174
902 4408 958 4444 n.
995 4398 1023 4445 1
1066 4406 1128 4445 esc
1167 4390 1223 4445 0.
1297 4390 1482 4459 Gioryi
1515 4406 1542 4445 e
1577 4390 1814 4444 Bazzani
1851 4392 1924 4446 ΙΙ
1965 4399 2062 4448 183
2097 4408 2154 4446 n.
2191 4399 2289 4447 224
2330 4408 2395 4447 eoe
2445 4391 2501 4449 0.
2573 4393 2803 4448 Bazzani
2852 4394 2893 4447 1
2925 4402 3021 4450 179
3054 4411 3120 4449 απ
3153 4395 3225 4449 D.
3280 4424 3344 4434 -
3400 4394 3558 4466 Reyy.

677 4477 956 4533 Mutata-i
991 4478 1176 4546 Antiq.
1214 4477 1264 4530 V
1297 4485 1406 4532 700.
1464 4477 1683 4532 Gallam·
1721 4477 1894 4533 Gabia
1921 4497 1977 4547 p.
2009 4486 2067 4533 76
2100 4484 2207 4533 not.
2236 4487 2282 4533 2.
2358 4480 2580 4536 Gnaeus·
2624 4481 2733 4534 Del
2759 4481 3044 4549 primioero
3072 4500 3129 4550 p.
3157 4489 3267 4537 163.
3326 4482 3381 4536 J.
3420 4489 3558 4537 1932.

678 4562 802 4619 JE.
839 4570 986 4619 2544.

683 4708 723 4766 7
3115 4709 3245 4771 817
3284 4706 3402 4787 feb.
3437 4708 3474 4770 1

679 4807 1090 4872 Pasohalis
1137 4808 1168 4871 Ι
1214 4808 1528 4895 Ingoaldo
1574 4809 1792 4874 abbati
1841 4817 1990 4876 etc.:
2064 4810 2396 4875 confirmat
2462 4809 2728 4875 castella
2785 4822 2852 4874 et
2904 4809 3114 4894 villas,
3174 4832 3435 4896 campos
3494 4819 3561 4876 et

678 4912 901 4994 silvas,
957 4917 1144 4996 prata
1202 4919 1268 4977 et
1312 4935 1541 4999 aquas,
1600 4915 1815 4978 vineta
1861 4921 1927 4978 et
1972 4914 2209 4978 oliveta
2256 4920 2322 4978 et
2366 4913 2691 4999 aquimola
2738 4925 2867 4978 tam
2912 4915 2976 4977 in
3023 4916 3329 4978 comitatu
3375 4913 3559 4979 Sabi-

677 5015 860 5081 nensi
906 5037 1024 5080 neo
1068 5021 1194 5080 non
1241 5023 1308 5081 et
1335 5016 1674 5082 Narniensi
1720 5018 1852 5082 sive
1898 5019 1963 5081 in
1994 5019 2303 5082 comitatu
2332 5016 2609 5083 Reatino
2654 5015 2757 5082 vel
2789 5017 3170 5100 Furoonino,
3215 5017 3559 5100 Asculano,

675 5119 1011 5202 Firmano,
1073 5121 1442 5204 Aprutiensi
1500 5127 1565 5183 et
1621 5120 1927 5185 Pinnensi
1970 5126 2039 5185 et
2083 5119 2389 5186 Balbensi
2434 5128 2501 5186 et
2545 5121 2848 5200 TeatinO,
2905 5119 3202 5185 Romano
3250 5122 3445 5187 etiam
3493 5127 3560 5184 et

678 5221 993 5288 Tuscano.
1027 5264 1108 5272 —-
1157 5224 1318 5289 Cum
1348 5244 1585 5309 magna
1616 5224 1816 5289 nobis.
1887 5223 2019 5290 Sor.
2055 5247 2114 5311 p.
2148 5246 2232 5289 m.
2311 5224 2752 5310 Christophori
2797 5226 2982 5289 scrin.
3016 5223 3080 5289 S.
3111 5224 3191 5289 R.
3224 5224 3322 5308 E„
3370 5226 3432 5288 in
3473 5246 3556 5289 m.
