<?xml version="1.0" encoding="UTF-8"?>
<!DOCTYPE html PUBLIC "-//W3C//DTD XHTML 1.0 Transitional//EN"
    "http://www.w3.org/TR/xhtml1/DTD/xhtml1-transitional.dtd">
<html xmlns="http://www.w3.org/1999/xhtml" xml:lang="en" lang="en">
 <head>
  <title>
</title>
<meta http-equiv="Content-Type" content="text/html;charset=utf-8" />
  <meta name='ocr-system' content='tesseract 3.04.00' />
  <meta name='ocr-capabilities' content='ocr_page ocr_carea ocr_par ocr_line ocrx_word'/>
</head>
<body>
  <div class='ocr_page' id='page_1' title='image "./italiapontifici00gtgoog_0211.png"; bbox 0 0 4055 6069; ppageno 0'>
   <div class='ocr_carea' id='block_1_1' title="bbox 710 399 2267 472">
    <p class='ocr_par' dir='ltr' id='par_1_1' title="bbox 710 399 2267 472">
     <span class='ocr_line' id='line_1_1' title="bbox 710 399 2267 472; baseline -0.008 -1"><span class='ocrx_word' id='word_1_1' title='bbox 710 406 831 472; x_wconf 83' lang='lat'><strong>178</strong></span> <span class='ocrx_word' id='word_1_2' title='bbox 2026 399 2267 461; x_wconf 65' lang='lat' dir='ltr'><strong>latium.</strong></span> 
     </span>
    </p>
   </div>
   <div class='ocr_carea' id='block_1_2' title="bbox 704 580 3592 873">
    <p class='ocr_par' dir='ltr' id='par_1_2' title="bbox 704 580 3592 873">
     <span class='ocr_line' id='line_1_2' title="bbox 704 580 3474 644; baseline 0 -1"><span class='ocrx_word' id='word_1_3' title='bbox 704 580 783 643; x_wconf 74' lang='lat'><strong>*1</strong></span> <span class='ocrx_word' id='word_1_4' title='bbox 3348 582 3474 644; x_wconf 88' lang='grc'><strong>996</strong></span> 
     </span>
     <span class='ocr_line' id='line_1_3' title="bbox 705 580 3591 769; baseline 0.001 -22"><span class='ocrx_word' id='word_1_5' title='bbox 705 682 1122 769; x_wconf 80' lang='lat' dir='ltr'>Gregorius</span> <span class='ocrx_word' id='word_1_6' title='bbox 1153 683 1215 748; x_wconf 89' lang='lat' dir='ltr'><strong>V</strong></span> <span class='ocrx_word' id='word_1_7' title='bbox 1258 685 1526 751; x_wconf 86' lang='lat' dir='ltr'><strong>mandat</strong></span> <span class='ocrx_word' id='word_1_8' title='bbox 1570 682 1840 749; x_wconf 89' lang='lat' dir='ltr'><strong>Guinizo</strong></span> <span class='ocrx_word' id='word_1_9' title='bbox 1887 682 1968 749; x_wconf 92' lang='lat' dir='ltr'><strong>de</strong></span> <span class='ocrx_word' id='word_1_10' title='bbox 2008 683 2338 768; x_wconf 88' lang='lat' dir='ltr'><strong>Nepesina</strong></span> <span class='ocrx_word' id='word_1_11' title='bbox 2382 684 2498 748; x_wconf 79' lang='lat' dir='ltr'><strong>civ,</strong></span> <span class='ocrx_word' id='word_1_12' title='bbox 2547 688 2614 748; x_wconf 91' lang='lat' dir='ltr'><strong>et</strong></span> <span class='ocrx_word' id='word_1_13' title='bbox 2658 681 3039 767; x_wconf 83' lang='lat' dir='ltr'><strong>Sichifredo‚</strong></span> <span class='ocrx_word' id='word_1_14' title='bbox 3085 690 3157 748; x_wconf 92' lang='lat' dir='ltr'><strong>ut</strong></span> <span class='ocrx_word' id='word_1_15' title='bbox 3199 580 3380 749; x_wconf 74' lang='lat' dir='ltr'><strong>lite1(n</strong></span> <span class='ocrx_word' id='word_1_16' title='bbox 3425 582 3591 750; x_wconf 72' lang='lat' dir='ltr'><strong>in)ter</strong></span> 
     </span>
     <span class='ocr_line' id='line_1_4' title="bbox 707 786 3592 873; baseline -0 -21"><span class='ocrx_word' id='word_1_17' title='bbox 707 787 1119 873; x_wconf 72' lang='lat' dir='ltr'><strong>Theodoram</strong></span> <span class='ocrx_word' id='word_1_18' title='bbox 1165 788 1559 854; x_wconf 78' lang='lat' dir='ltr'><strong>abbatissam</strong></span> <span class='ocrx_word' id='word_1_19' title='bbox 1603 810 1773 853; x_wconf 91' lang='lat' dir='ltr'><strong>mon.</strong></span> <span class='ocrx_word' id='word_1_20' title='bbox 1815 810 1863 851; x_wconf 90' lang='lat' dir='ltr'><strong>s.</strong></span> <span class='ocrx_word' id='word_1_21' title='bbox 1907 786 2154 853; x_wconf 84' lang='lat' dir='ltr'><strong>Mariae</strong></span> <span class='ocrx_word' id='word_1_22' title='bbox 2210 793 2277 852; x_wconf 91' lang='lat' dir='ltr'><strong>et</strong></span> <span class='ocrx_word' id='word_1_23' title='bbox 2330 809 2379 852; x_wconf 92' lang='lat' dir='ltr'><strong>s.</strong></span> <span class='ocrx_word' id='word_1_24' title='bbox 2422 787 2623 851; x_wconf 82' lang='lat' dir='ltr'><strong>Blasii</strong></span> <span class='ocrx_word' id='word_1_25' title='bbox 2680 793 2746 852; x_wconf 89' lang='lat' dir='ltr'><strong>et</strong></span> <span class='ocrx_word' id='word_1_26' title='bbox 2787 787 3142 854; x_wconf 80' lang='lat' dir='ltr'><strong>Iohannem</strong></span> <span class='ocrx_word' id='word_1_27' title='bbox 3190 794 3258 853; x_wconf 92' lang='lat' dir='ltr'><strong>et</strong></span> <span class='ocrx_word' id='word_1_28' title='bbox 3300 786 3476 853; x_wconf 91' lang='lat' dir='ltr'><strong>Voso</strong></span> <span class='ocrx_word' id='word_1_29' title='bbox 3525 793 3592 852; x_wconf 91' lang='lat' dir='ltr'><strong>et</strong></span> 
     </span>
    </p>
   </div>
   <div class='ocr_carea' id='block_1_3' title="bbox 705 890 2495 1072">
    <p class='ocr_par' dir='ltr' id='par_1_3' title="bbox 705 890 2495 1072">
     <span class='ocr_line' id='line_1_5' title="bbox 705 890 2495 978; baseline -0.001 -23"><span class='ocrx_word' id='word_1_30' title='bbox 705 891 1117 958; x_wconf 86' lang='lat' dir='ltr'><strong>Theodorum</strong></span> <span class='ocrx_word' id='word_1_31' title='bbox 1165 891 1246 957; x_wconf 90' lang='lat' dir='ltr'><strong>de</strong></span> <span class='ocrx_word' id='word_1_32' title='bbox 1293 892 1573 978; x_wconf 90' lang='lat' dir='ltr'><strong>quadam</strong></span> <span class='ocrx_word' id='word_1_33' title='bbox 1618 899 1790 957; x_wconf 88' lang='lat' dir='ltr'><strong>terra</strong></span> <span class='ocrx_word' id='word_1_34' title='bbox 1833 913 1951 977; x_wconf 92' lang='lat' dir='ltr'><strong>per</strong></span> <span class='ocrx_word' id='word_1_35' title='bbox 1994 890 2210 977; x_wconf 90' lang='lat' dir='ltr'><strong>legem</strong></span> <span class='ocrx_word' id='word_1_36' title='bbox 2254 891 2495 956; x_wconf 84' lang='lat' dir='ltr'><strong>finiant.</strong></span> 
     </span>
     <span class='ocr_line' id='line_1_6' title="bbox 909 1002 1910 1072; baseline -0.001 -13"><span class='ocrx_word' id='word_1_37' title='bbox 909 1003 1095 1059; x_wconf 75' lang='lat' dir='ltr'><strong>Laud.</strong></span> <span class='ocrx_word' id='word_1_38' title='bbox 1131 1003 1194 1057; x_wconf 78' lang='lat' dir='ltr'><strong>in</strong></span> <span class='ocrx_word' id='word_1_39' title='bbox 1227 1021 1283 1059; x_wconf 75' lang='lat' dir='ltr'><strong>n.</strong></span> <span class='ocrx_word' id='word_1_40' title='bbox 1312 1010 1360 1059; x_wconf 86' lang='lat'><strong>3.</strong></span> <span class='ocrx_word' id='word_1_41' title='bbox 1398 1033 1464 1044; x_wconf 91' lang='lat'>—</span> <span class='ocrx_word' id='word_1_42' title='bbox 1502 1003 1635 1072; x_wconf 64' lang='lat' dir='ltr'><strong>Ray.</strong></span> <span class='ocrx_word' id='word_1_43' title='bbox 1674 1002 1789 1059; x_wconf 89' lang='lat' dir='ltr'><strong>JL.</strong></span> <span class='ocrx_word' id='word_1_44' title='bbox 1826 1034 1910 1058; x_wconf 93' lang='lat'><strong>—.</strong></span> 
     </span>
    </p>
   </div>
   <div class='ocr_carea' id='block_1_4' title="bbox 703 1115 3590 1306">
    <p class='ocr_par' dir='ltr' id='par_1_4' title="bbox 703 1115 3590 1306">
     <span class='ocr_line' id='line_1_7' title="bbox 703 1115 3476 1181; baseline 0.01 -28"><span class='ocrx_word' id='word_1_45' title='bbox 703 1115 786 1177; x_wconf 64' lang='lat'><strong>*2</strong></span> <span class='ocrx_word' id='word_1_46' title='bbox 3349 1119 3476 1181; x_wconf 86' lang='lat'><strong>996</strong></span> 
     </span>
     <span class='ocr_line' id='line_1_8' title="bbox 706 1121 3590 1306; baseline 0 -22"><span class='ocrx_word' id='word_1_47' title='bbox 706 1219 1124 1306; x_wconf 81' lang='lat' dir='ltr'>Gregorius</span> <span class='ocrx_word' id='word_1_48' title='bbox 1155 1221 1217 1286; x_wconf 88' lang='lat' dir='ltr'><strong>V</strong></span> <span class='ocrx_word' id='word_1_49' title='bbox 1261 1222 1457 1287; x_wconf 89' lang='lat' dir='ltr'><strong>mittit</strong></span> <span class='ocrx_word' id='word_1_50' title='bbox 1487 1221 1842 1286; x_wconf 86' lang='lat' dir='ltr'><strong>Iohannem</strong></span> <span class='ocrx_word' id='word_1_51' title='bbox 1875 1221 2327 1305; x_wconf 84' lang='lat' dir='ltr'><strong>Cesanensem,</strong></span> <span class='ocrx_word' id='word_1_52' title='bbox 2376 1220 2833 1287; x_wconf 89' lang='lat' dir='ltr'><strong>cubicularium</strong></span> <span class='ocrx_word' id='word_1_53' title='bbox 2872 1242 3075 1305; x_wconf 84' lang='lat' dir='ltr'><strong>suum,</strong></span> <span class='ocrx_word' id='word_1_54' title='bbox 3123 1221 3206 1286; x_wconf 89' lang='lat' dir='ltr'><strong>ad</strong></span> <span class='ocrx_word' id='word_1_55' title='bbox 3235 1121 3590 1288; x_wconf 68' lang='lat' dir='ltr'><strong>Iohann)em</strong></span> 
     </span>
    </p>
   </div>
   <div class='ocr_carea' id='block_1_5' title="bbox 707 1324 3366 1508">
    <p class='ocr_par' dir='ltr' id='par_1_5' title="bbox 707 1324 3366 1508">
     <span class='ocr_line' id='line_1_9' title="bbox 707 1324 3366 1408; baseline 0.001 -19"><span class='ocrx_word' id='word_1_56' title='bbox 707 1332 773 1389; x_wconf 92' lang='lat' dir='ltr'><strong>et</strong></span> <span class='ocrx_word' id='word_1_57' title='bbox 815 1325 993 1389; x_wconf 90' lang='lat' dir='ltr'><strong>Voso</strong></span> <span class='ocrx_word' id='word_1_58' title='bbox 1040 1332 1107 1390; x_wconf 91' lang='lat' dir='ltr'><strong>et</strong></span> <span class='ocrx_word' id='word_1_59' title='bbox 1151 1324 1584 1408; x_wconf 85' lang='lat' dir='ltr'><strong>Theodorum,</strong></span> <span class='ocrx_word' id='word_1_60' title='bbox 1632 1331 1704 1389; x_wconf 93' lang='lat' dir='ltr'><strong>ut</strong></span> <span class='ocrx_word' id='word_1_61' title='bbox 1748 1324 2147 1390; x_wconf 81' lang='lat' dir='ltr'><strong>sollemniter</strong></span> <span class='ocrx_word' id='word_1_62' title='bbox 2189 1327 2450 1390; x_wconf 83' lang='lat' dir='ltr'><strong>veniant</strong></span> <span class='ocrx_word' id='word_1_63' title='bbox 2493 1331 2641 1390; x_wconf 90' lang='lat' dir='ltr'><strong>ante</strong></span> <span class='ocrx_word' id='word_1_64' title='bbox 2688 1346 2869 1389; x_wconf 91' lang='lat' dir='ltr'><strong>suam</strong></span> <span class='ocrx_word' id='word_1_65' title='bbox 2914 1327 3366 1408; x_wconf 82' lang='lat' dir='ltr'><strong>praesentiam.</strong></span> 
     </span>
     <span class='ocr_line' id='line_1_10' title="bbox 910 1435 1903 1508; baseline 0.001 -17"><span class='ocrx_word' id='word_1_66' title='bbox 910 1435 1094 1493; x_wconf 79' lang='lat' dir='ltr'><strong>Laud.</strong></span> <span class='ocrx_word' id='word_1_67' title='bbox 1127 1437 1192 1491; x_wconf 76' lang='lat' dir='ltr'><strong>in</strong></span> <span class='ocrx_word' id='word_1_68' title='bbox 1224 1454 1281 1493; x_wconf 80' lang='lat' dir='ltr'><strong>n.</strong></span> <span class='ocrx_word' id='word_1_69' title='bbox 1308 1443 1357 1492; x_wconf 86' lang='lat'><strong>3.</strong></span> <span class='ocrx_word' id='word_1_70' title='bbox 1393 1467 1460 1476; x_wconf 93' lang='lat'>—</span> <span class='ocrx_word' id='word_1_71' title='bbox 1499 1437 1631 1508; x_wconf 77' lang='lat' dir='ltr'><strong>Rey.</strong></span> <span class='ocrx_word' id='word_1_72' title='bbox 1668 1435 1783 1491; x_wconf 88' lang='lat' dir='ltr'><strong>JL.</strong></span> <span class='ocrx_word' id='word_1_73' title='bbox 1820 1466 1903 1492; x_wconf 89' lang='lat'><strong>—.</strong></span> 
     </span>
    </p>
   </div>
   <div class='ocr_carea' id='block_1_6' title="bbox 704 1550 3594 2052">
    <p class='ocr_par' dir='ltr' id='par_1_6' title="bbox 704 1550 3502 1615">
     <span class='ocr_line' id='line_1_11' title="bbox 704 1550 3502 1615; baseline 0 -1"><span class='ocrx_word' id='word_1_74' title='bbox 704 1554 748 1614; x_wconf 85' lang='lat'><strong><em>3</em></strong></span> <span class='ocrx_word' id='word_1_75' title='bbox 3219 1552 3348 1615; x_wconf 83' lang='lat'><strong>996</strong></span> <span class='ocrx_word' id='word_1_76' title='bbox 3389 1550 3502 1615; x_wconf 76' lang='lat' dir='ltr'><strong>iul.</strong></span> 
     </span>
    </p>

    <p class='ocr_par' dir='ltr' id='par_1_7' title="bbox 705 1654 3594 2052">
     <span class='ocr_line' id='line_1_12' title="bbox 707 1654 3591 1740; baseline -0 -21"><span class='ocrx_word' id='word_1_77' title='bbox 707 1654 1134 1740; x_wconf 81' lang='lat' dir='ltr'><strong>Gregorius</strong></span> <span class='ocrx_word' id='word_1_78' title='bbox 1178 1655 1260 1739; x_wconf 79' lang='lat' dir='ltr'><strong>V,</strong></span> <span class='ocrx_word' id='word_1_79' title='bbox 1305 1656 1371 1719; x_wconf 89' lang='lat' dir='ltr'><strong>in</strong></span> <span class='ocrx_word' id='word_1_80' title='bbox 1416 1655 1654 1740; x_wconf 86' lang='lat' dir='ltr'><strong>placito</strong></span> <span class='ocrx_word' id='word_1_81' title='bbox 1700 1676 1844 1720; x_wconf 90' lang='lat' dir='ltr'><strong>cum</strong></span> <span class='ocrx_word' id='word_1_82' title='bbox 1890 1656 2020 1720; x_wconf 92' lang='lat' dir='ltr'><strong>suis</strong></span> <span class='ocrx_word' id='word_1_83' title='bbox 2065 1655 2410 1739; x_wconf 89' lang='lat' dir='ltr'><strong>iudicibus,</strong></span> <span class='ocrx_word' id='word_1_84' title='bbox 2464 1654 2705 1720; x_wconf 88' lang='lat' dir='ltr'><strong>decidit</strong></span> <span class='ocrx_word' id='word_1_85' title='bbox 2745 1655 2927 1720; x_wconf 91' lang='lat' dir='ltr'><strong>litem</strong></span> <span class='ocrx_word' id='word_1_86' title='bbox 2972 1655 3138 1720; x_wconf 90' lang='lat' dir='ltr'><strong>inter</strong></span> <span class='ocrx_word' id='word_1_87' title='bbox 3182 1654 3591 1721; x_wconf 86' lang='lat' dir='ltr'><strong>Theodoram</strong></span> 
     </span>
     <span class='ocr_line' id='line_1_13' title="bbox 706 1751 3594 1844; baseline 0 -21"><span class='ocrx_word' id='word_1_88' title='bbox 706 1758 1098 1824; x_wconf 88' lang='lat' dir='ltr'><strong>abbatissam</strong></span> <span class='ocrx_word' id='word_1_89' title='bbox 1158 1765 1223 1824; x_wconf 90' lang='lat' dir='ltr'><strong>et</strong></span> <span class='ocrx_word' id='word_1_90' title='bbox 1274 1758 1631 1824; x_wconf 89' lang='lat' dir='ltr'><strong>Iohannem</strong></span> <span class='ocrx_word' id='word_1_91' title='bbox 1678 1766 1745 1825; x_wconf 92' lang='lat' dir='ltr'><strong>et</strong></span> <span class='ocrx_word' id='word_1_92' title='bbox 1787 1759 1964 1824; x_wconf 90' lang='lat' dir='ltr'><strong>Voso</strong></span> <span class='ocrx_word' id='word_1_93' title='bbox 2013 1766 2081 1825; x_wconf 91' lang='lat' dir='ltr'><strong>et</strong></span> <span class='ocrx_word' id='word_1_94' title='bbox 2125 1751 2566 1837; x_wconf 79' lang='lat' dir='ltr'><strong>Theodorum3</strong></span> <span class='ocrx_word' id='word_1_95' title='bbox 2633 1760 2976 1844; x_wconf 78' lang='lat' dir='ltr'><strong>praecipit,</strong></span> <span class='ocrx_word' id='word_1_96' title='bbox 3031 1766 3133 1843; x_wconf 89' lang='lat' dir='ltr'><strong>ut,</strong></span> <span class='ocrx_word' id='word_1_97' title='bbox 3191 1760 3244 1822; x_wconf 90' lang='lat' dir='ltr'><strong>si</strong></span> <span class='ocrx_word' id='word_1_98' title='bbox 3291 1759 3594 1844; x_wconf 89' lang='lat' dir='ltr'><strong>quislibet</strong></span> 
     </span>
     <span class='ocr_line' id='line_1_14' title="bbox 705 1862 3590 1949; baseline 0 -22"><span class='ocrx_word' id='word_1_99' title='bbox 705 1862 1216 1928; x_wconf 83' lang='lat' dir='ltr'><strong>adversariorum</strong></span> <span class='ocrx_word' id='word_1_100' title='bbox 1260 1863 1365 1928; x_wconf 83' lang='lat' dir='ltr'><strong>vel</strong></span> <span class='ocrx_word' id='word_1_101' title='bbox 1422 1884 1642 1929; x_wconf 90' lang='lat' dir='ltr'><strong>eorum</strong></span> <span class='ocrx_word' id='word_1_102' title='bbox 1696 1862 2009 1928; x_wconf 89' lang='lat' dir='ltr'><strong>heredum</strong></span> <span class='ocrx_word' id='word_1_103' title='bbox 2058 1872 2278 1928; x_wconf 87' lang='lat' dir='ltr'><strong>contra</strong></span> <span class='ocrx_word' id='word_1_104' title='bbox 2321 1865 2781 1929; x_wconf 89' lang='lat' dir='ltr'><strong>monasterium</strong></span> <span class='ocrx_word' id='word_1_105' title='bbox 2837 1862 3191 1949; x_wconf 89' lang='lat' dir='ltr'><strong>quamlibet</strong></span> <span class='ocrx_word' id='word_1_106' title='bbox 3242 1865 3590 1928; x_wconf 89' lang='lat' dir='ltr'><strong>contrarie-</strong></span> 
     </span>
     <span class='ocr_line' id='line_1_15' title="bbox 707 1966 3590 2052; baseline 0 -21"><span class='ocrx_word' id='word_1_107' title='bbox 707 1973 907 2033; x_wconf 87' lang='lat' dir='ltr'><strong>tatem</strong></span> <span class='ocrx_word' id='word_1_108' title='bbox 965 1967 1222 2052; x_wconf 84' lang='lat' dir='ltr'><strong>fecerit,</strong></span> <span class='ocrx_word' id='word_1_109' title='bbox 1291 1966 1719 2032; x_wconf 87' lang='lat' dir='ltr'><strong>anathematis</strong></span> <span class='ocrx_word' id='word_1_110' title='bbox 1779 1967 2034 2032; x_wconf 82' lang='lat' dir='ltr'><strong>vinculo</strong></span> <span class='ocrx_word' id='word_1_111' title='bbox 2102 1966 2430 2032; x_wconf 88' lang='lat' dir='ltr'><strong>subiaceat</strong></span> <span class='ocrx_word' id='word_1_112' title='bbox 2484 1973 2550 2032; x_wconf 91' lang='lat' dir='ltr'><strong>et</strong></span> <span class='ocrx_word' id='word_1_113' title='bbox 2612 1967 2662 2032; x_wconf 83' lang='lat' dir='ltr'>O</span> <span class='ocrx_word' id='word_1_114' title='bbox 2722 1988 2953 2032; x_wconf 87' lang='lat' dir='ltr'><strong>aureos</strong></span> <span class='ocrx_word' id='word_1_115' title='bbox 3019 1988 3354 2033; x_wconf 84' lang='lat' dir='ltr'><strong>mancosos</strong></span> <span class='ocrx_word' id='word_1_116' title='bbox 3417 1988 3590 2031; x_wconf 91' lang='lat' dir='ltr'><strong>com-</strong></span> 
     </span>
    </p>
   </div>
   <div class='ocr_carea' id='block_1_7' title="bbox 706 2070 3139 2156">
    <p class='ocr_par' dir='ltr' id='par_1_8' title="bbox 706 2070 3139 2156">
     <span class='ocr_line' id='line_1_16' title="bbox 706 2070 3139 2156; baseline -0 -20"><span class='ocrx_word' id='word_1_117' title='bbox 706 2078 923 2156; x_wconf 92' lang='lat' dir='ltr'><strong>ponat.</strong></span> <span class='ocrx_word' id='word_1_118' title='bbox 971 2112 1055 2120; x_wconf 91' lang='lat'>—</span> <span class='ocrx_word' id='word_1_119' title='bbox 1099 2070 1241 2156; x_wconf 86' lang='lat' dir='ltr'><strong>Ego</strong></span> <span class='ocrx_word' id='word_1_120' title='bbox 1288 2073 1523 2138; x_wconf 86' lang='lat' dir='ltr'><strong>Petrus</strong></span> <span class='ocrx_word' id='word_1_121' title='bbox 1568 2073 1752 2136; x_wconf 89' lang='lat' dir='ltr'><strong>scrin.</strong></span> <span class='ocrx_word' id='word_1_122' title='bbox 1801 2079 1868 2136; x_wconf 90' lang='lat' dir='ltr'><strong>et</strong></span> <span class='ocrx_word' id='word_1_123' title='bbox 1914 2070 2177 2139; x_wconf 89' lang='lat' dir='ltr'><strong>tabellio</strong></span> <span class='ocrx_word' id='word_1_124' title='bbox 2225 2073 2341 2136; x_wconf 73' lang='lat' dir='ltr'><strong>ciV.</strong></span> <span class='ocrx_word' id='word_1_125' title='bbox 2388 2071 2450 2135; x_wconf 87' lang='lat' dir='ltr'>N</span> <span class='ocrx_word' id='word_1_126' title='bbox 2455 2073 2758 2156; x_wconf 90' lang='lat' dir='ltr'><strong>epesinae</strong></span> <span class='ocrx_word' id='word_1_127' title='bbox 2805 2070 3139 2156; x_wconf 83' lang='lat' dir='ltr'><strong>complevi.</strong></span> 
     </span>
    </p>
   </div>
   <div class='ocr_carea' id='block_1_8' title="bbox 703 2180 3596 2426">
    <p class='ocr_par' dir='ltr' id='par_1_9' title="bbox 703 2180 3596 2426">
     <span class='ocr_line' id='line_1_17' title="bbox 910 2180 3594 2253; baseline -0.001 -15"><span class='ocrx_word' id='word_1_128' title='bbox 910 2183 970 2238; x_wconf 91' lang='lat' dir='ltr'><em>D</em></span> <span class='ocrx_word' id='word_1_129' title='bbox 994 2200 1055 2252; x_wconf 78' lang='lat' dir='ltr'><strong>p.</strong></span> <span class='ocrx_word' id='word_1_130' title='bbox 1080 2191 1173 2238; x_wconf 79' lang='lat'><strong>750</strong></span> <span class='ocrx_word' id='word_1_131' title='bbox 1195 2183 1291 2252; x_wconf 92' lang='lat'><strong>[=</strong></span> <span class='ocrx_word' id='word_1_132' title='bbox 1316 2182 1407 2237; x_wconf 76' lang='grc' dir='ltr'><strong>Μ’</strong></span> <span class='ocrx_word' id='word_1_133' title='bbox 1430 2184 1472 2249; x_wconf 81' lang='lat' dir='ltr'><strong>f.</strong></span> <span class='ocrx_word' id='word_1_134' title='bbox 1498 2184 1600 2253; x_wconf 85' lang='lat'><strong>13].</strong></span> <span class='ocrx_word' id='word_1_135' title='bbox 1636 2213 1704 2223; x_wconf 92' lang='lat'>—</span> <span class='ocrx_word' id='word_1_136' title='bbox 1742 2182 1854 2237; x_wconf 74' lang='lat' dir='ltr'><strong>Ea.</strong></span> <span class='ocrx_word' id='word_1_137' title='bbox 1880 2182 2198 2237; x_wconf 77' lang='lat' dir='ltr'><strong>Hartmann</strong></span> <span class='ocrx_word' id='word_1_138' title='bbox 2224 2182 2370 2238; x_wconf 84' lang='lat' dir='ltr'><strong>Eccl.</strong></span> <span class='ocrx_word' id='word_1_139' title='bbox 2396 2200 2437 2239; x_wconf 80' lang='lat'><strong>8.</strong></span> <span class='ocrx_word' id='word_1_140' title='bbox 2463 2183 2677 2238; x_wconf 80' lang='lat' dir='ltr'><strong>Mariae</strong></span> <span class='ocrx_word' id='word_1_141' title='bbox 2710 2184 2774 2236; x_wconf 74' lang='lat' dir='ltr'><strong>in</strong></span> <span class='ocrx_word' id='word_1_142' title='bbox 2808 2183 2909 2236; x_wconf 78' lang='lat' dir='ltr'><strong>Via</strong></span> <span class='ocrx_word' id='word_1_143' title='bbox 2945 2183 3061 2236; x_wconf 76' lang='lat' dir='ltr'><strong>lata</strong></span> <span class='ocrx_word' id='word_1_144' title='bbox 3096 2182 3429 2236; x_wconf 75' lang='lat' dir='ltr'><strong>tabularium</strong></span> <span class='ocrx_word' id='word_1_145' title='bbox 3466 2180 3504 2234; x_wconf 88' lang='grc' dir='ltr'><em>Ι</em></span> <span class='ocrx_word' id='word_1_146' title='bbox 3525 2186 3594 2235; x_wconf 87' lang='grc'><strong>30</strong></span> 
     </span>
     <span class='ocr_line' id='line_1_18' title="bbox 703 2268 3596 2342; baseline -0.001 -17"><span class='ocrx_word' id='word_1_147' title='bbox 703 2288 760 2326; x_wconf 73' lang='grc' dir='ltr'><strong>οι.</strong></span> <span class='ocrx_word' id='word_1_148' title='bbox 785 2277 851 2325; x_wconf 82' lang='grc'><strong>24</strong></span> <span class='ocrx_word' id='word_1_149' title='bbox 896 2286 963 2324; x_wconf 77' lang='lat' dir='ltr'><strong>eoe</strong></span> <span class='ocrx_word' id='word_1_150' title='bbox 997 2270 1071 2325; x_wconf 86' lang='lat' dir='ltr'><strong>D.</strong></span> <span class='ocrx_word' id='word_1_151' title='bbox 1127 2301 1194 2310; x_wconf 90' lang='lat'>—</span> <span class='ocrx_word' id='word_1_152' title='bbox 1246 2269 1408 2342; x_wconf 69' lang='lat' dir='ltr'><strong>Reqy.</strong></span> <span class='ocrx_word' id='word_1_153' title='bbox 1462 2270 1729 2341; x_wconf 67' lang='lat' dir='ltr'><strong>Georgius</strong></span> <span class='ocrx_word' id='word_1_154' title='bbox 1769 2270 1832 2323; x_wconf 77' lang='lat' dir='ltr'><strong>in</strong></span> <span class='ocrx_word' id='word_1_155' title='bbox 1877 2270 2115 2324; x_wconf 77' lang='lat' dir='ltr'><strong>Baronii</strong></span> <span class='ocrx_word' id='word_1_156' title='bbox 2156 2272 2306 2323; x_wconf 66' lang='lat' dir='ltr'><strong>Arm.</strong></span> <span class='ocrx_word' id='word_1_157' title='bbox 2345 2268 2423 2324; x_wconf 75' lang='lat' dir='ltr'><strong>ed.</strong></span> <span class='ocrx_word' id='word_1_158' title='bbox 2470 2269 2605 2324; x_wconf 80' lang='lat' dir='ltr'><strong>Luc.</strong></span> <span class='ocrx_word' id='word_1_159' title='bbox 2656 2269 2813 2323; x_wconf 86' lang='lat' dir='ltr'><strong>XVI</strong></span> <span class='ocrx_word' id='word_1_160' title='bbox 2835 2275 2942 2324; x_wconf 83' lang='lat'><strong>349</strong></span> <span class='ocrx_word' id='word_1_161' title='bbox 2987 2274 3098 2323; x_wconf 79' lang='lat' dir='ltr'><strong>not.</strong></span> <span class='ocrx_word' id='word_1_162' title='bbox 3132 2277 3177 2324; x_wconf 76' lang='lat'><strong>2.</strong></span> <span class='ocrx_word' id='word_1_163' title='bbox 3248 2268 3444 2334; x_wconf 68' lang='lat' dir='ltr'><strong>Hdt‘ler</strong></span> <span class='ocrx_word' id='word_1_164' title='bbox 3490 2268 3596 2322; x_wconf 76' lang='lat' dir='ltr'><strong>Die</strong></span> 
     </span>
     <span class='ocr_line' id='line_1_19' title="bbox 704 2355 2287 2426; baseline -0.001 -15"><span class='ocrx_word' id='word_1_165' title='bbox 704 2356 988 2411; x_wconf 73' lang='lat' dir='ltr'><strong>deutschen</strong></span> <span class='ocrx_word' id='word_1_166' title='bbox 1022 2357 1226 2426; x_wconf 69' lang='lat' dir='ltr'><strong>Pdpste</strong></span> <span class='ocrx_word' id='word_1_167' title='bbox 1262 2356 1336 2411; x_wconf 92' lang='grc' dir='ltr'><strong>ΙΙ</strong></span> <span class='ocrx_word' id='word_1_168' title='bbox 1362 2362 1454 2411; x_wconf 84' lang='grc'><strong>139</strong></span> <span class='ocrx_word' id='word_1_169' title='bbox 1486 2374 1542 2411; x_wconf 75' lang='lat' dir='ltr'><strong>n.</strong></span> <span class='ocrx_word' id='word_1_170' title='bbox 1570 2365 1618 2410; x_wconf 88' lang='grc'><strong>6.</strong></span> <span class='ocrx_word' id='word_1_171' title='bbox 1688 2356 1743 2412; x_wconf 87' lang='lat' dir='ltr'><strong>J.</strong></span> <span class='ocrx_word' id='word_1_172' title='bbox 1781 2363 1924 2412; x_wconf 82' lang='grc'><strong>2969.</strong></span> <span class='ocrx_word' id='word_1_173' title='bbox 1996 2355 2105 2411; x_wconf 82' lang='lat' dir='ltr'><strong>JL.</strong></span> <span class='ocrx_word' id='word_1_174' title='bbox 2143 2363 2287 2411; x_wconf 88' lang='grc'><strong>3869.</strong></span> 
     </span>
    </p>
   </div>
   <div class='ocr_carea' id='block_1_9' title="bbox 1814 2683 2492 2769">
    <p class='ocr_par' dir='ltr' id='par_1_10' title="bbox 1814 2683 2492 2769">
     <span class='ocr_line' id='line_1_20' title="bbox 1814 2683 2492 2769; baseline -0.001 -17"><span class='ocrx_word' id='word_1_175' title='bbox 1814 2683 2081 2752; x_wconf 80' lang='lat' dir='ltr'><strong>Civitas</strong></span> <span class='ocrx_word' id='word_1_176' title='bbox 2126 2683 2492 2769; x_wconf 82' lang='lat' dir='ltr'><strong>Nepesina.</strong></span> 
     </span>
    </p>
   </div>
   <div class='ocr_carea' id='block_1_10' title="bbox 708 2841 3594 3430">
    <p class='ocr_par' dir='ltr' id='par_1_11' title="bbox 708 2841 3594 3430">
     <span class='ocr_line' id='line_1_21' title="bbox 923 2841 3083 2930; baseline -0.001 -22"><span class='ocrx_word' id='word_1_177' title='bbox 923 2843 1121 2930; x_wconf 87' lang='lat' dir='ltr'><strong>Apud</strong></span> <span class='ocrx_word' id='word_1_178' title='bbox 1168 2843 1474 2909; x_wconf 87' lang='lat' dir='ltr'><strong>Oencium</strong></span> <span class='ocrx_word' id='word_1_179' title='bbox 1519 2841 1652 2927; x_wconf 90' lang='lat' dir='ltr'><strong>(ed.</strong></span> <span class='ocrx_word' id='word_1_180' title='bbox 1697 2842 2291 2908; x_wconf 85' lang='lat' dir='ltr'><strong>Fabre-Duchesne</strong></span> <span class='ocrx_word' id='word_1_181' title='bbox 2336 2842 2371 2905; x_wconf 94' lang='lat' dir='ltr'><strong>I</strong></span> <span class='ocrx_word' id='word_1_182' title='bbox 2418 2842 2528 2928; x_wconf 84' lang='lat'><strong>50)</strong></span> <span class='ocrx_word' id='word_1_183' title='bbox 2573 2842 2845 2927; x_wconf 84' lang='lat' dir='ltr'><strong>legimus</strong></span> <span class='ocrx_word' id='word_1_184' title='bbox 2890 2844 3083 2908; x_wconf 87' lang='lat' dir='ltr'><strong>haec:</strong></span> 
     </span>
     <span class='ocr_line' id='line_1_22' title="bbox 1058 2945 3260 3032; baseline -0 -21"><span class='ocrx_word' id='word_1_185' title='bbox 1058 2947 1230 3032; x_wconf 86' lang='lat' dir='ltr'><strong>„Ista</strong></span> <span class='ocrx_word' id='word_1_186' title='bbox 1276 2949 1500 3012; x_wconf 83' lang='lat' dir='ltr'><strong>civitas</strong></span> <span class='ocrx_word' id='word_1_187' title='bbox 1544 2946 1606 3011; x_wconf 88' lang='lat' dir='ltr'><strong>V</strong></span> <span class='ocrx_word' id='word_1_188' title='bbox 1649 2946 1867 3031; x_wconf 89' lang='lat' dir='ltr'><strong>libras,</strong></span> <span class='ocrx_word' id='word_1_189' title='bbox 1915 2954 2188 3031; x_wconf 85' lang='lat' dir='ltr'><strong>excepto</strong></span> <span class='ocrx_word' id='word_1_190' title='bbox 2222 2946 2504 3012; x_wconf 90' lang='lat' dir='ltr'><strong>dominio</strong></span> <span class='ocrx_word' id='word_1_191' title='bbox 2547 2945 2882 3012; x_wconf 89' lang='lat' dir='ltr'><strong>Romanae</strong></span> <span class='ocrx_word' id='word_1_192' title='bbox 2930 2947 3260 3012; x_wconf 87' lang='lat' dir='ltr'><strong>ecclesiae.</strong></span> 
     </span>
     <span class='ocr_line' id='line_1_23' title="bbox 1054 3050 2479 3119; baseline -0.003 0"><span class='ocrx_word' id='word_1_193' title='bbox 1054 3053 1350 3119; x_wconf 85' lang='lat' dir='ltr'><strong>Castrum</strong></span> <span class='ocrx_word' id='word_1_194' title='bbox 1396 3050 1868 3116; x_wconf 84' lang='lat' dir='ltr'><strong>Sinibaldorum</strong></span> <span class='ocrx_word' id='word_1_195' title='bbox 1913 3051 1985 3116; x_wconf 92' lang='lat'><strong>11</strong></span> <span class='ocrx_word' id='word_1_196' title='bbox 2029 3051 2225 3116; x_wconf 89' lang='lat' dir='ltr'><strong>libras</strong></span> <span class='ocrx_word' id='word_1_197' title='bbox 2271 3072 2479 3116; x_wconf 87' lang='lat' dir='ltr'><strong>cerae.</strong></span> 
     </span>
     <span class='ocr_line' id='line_1_24' title="bbox 1055 3153 2661 3241; baseline -0.002 -20"><span class='ocrx_word' id='word_1_198' title='bbox 1055 3156 1350 3222; x_wconf 85' lang='lat' dir='ltr'><strong>Castrum</strong></span> <span class='ocrx_word' id='word_1_199' title='bbox 1401 3153 1821 3241; x_wconf 81' lang='lat' dir='ltr'><strong>Campaniani</strong></span> <span class='ocrx_word' id='word_1_200' title='bbox 1866 3155 1928 3220; x_wconf 94' lang='lat' dir='ltr'><strong>V</strong></span> <span class='ocrx_word' id='word_1_201' title='bbox 1971 3155 2171 3220; x_wconf 87' lang='lat' dir='ltr'><strong>libras</strong></span> <span class='ocrx_word' id='word_1_202' title='bbox 2215 3154 2661 3220; x_wconf 83' lang='lat' dir='ltr'><strong>Lucensium.“</strong></span> 
     </span>
     <span class='ocr_line' id='line_1_25' title="bbox 710 3258 3594 3343; baseline -0.001 -18"><span class='ocrx_word' id='word_1_203' title='bbox 710 3261 892 3336; x_wconf 81' lang='lat' dir='ltr'><strong>Quae</strong></span> <span class='ocrx_word' id='word_1_204' title='bbox 961 3261 1227 3326; x_wconf 87' lang='lat' dir='ltr'><strong>notitiae</strong></span> <span class='ocrx_word' id='word_1_205' title='bbox 1300 3267 1515 3324; x_wconf 86' lang='lat' dir='ltr'><strong>tamen</strong></span> <span class='ocrx_word' id='word_1_206' title='bbox 1582 3260 1666 3324; x_wconf 90' lang='lat' dir='ltr'><strong>ad</strong></span> <span class='ocrx_word' id='word_1_207' title='bbox 1732 3260 2091 3325; x_wconf 82' lang='lat' dir='ltr'><strong>Innocentii</strong></span> <span class='ocrx_word' id='word_1_208' title='bbox 2135 3259 2240 3324; x_wconf 90' lang='lat'><strong>111</strong></span> <span class='ocrx_word' id='word_1_209' title='bbox 2306 3267 2419 3325; x_wconf 85' lang='lat' dir='ltr'><strong>aut</strong></span> <span class='ocrx_word' id='word_1_210' title='bbox 2469 3259 2742 3324; x_wconf 90' lang='lat' dir='ltr'><strong>Honorii</strong></span> <span class='ocrx_word' id='word_1_211' title='bbox 2783 3258 2884 3322; x_wconf 92' lang='lat' dir='ltr'><strong>III</strong></span> <span class='ocrx_word' id='word_1_212' title='bbox 2947 3265 3241 3342; x_wconf 88' lang='lat' dir='ltr'><strong>tempora</strong></span> <span class='ocrx_word' id='word_1_213' title='bbox 3300 3263 3594 3343; x_wconf 87' lang='lat' dir='ltr'><strong>spectare</strong></span> 
     </span>
     <span class='ocr_line' id='line_1_26' title="bbox 708 3365 1021 3430; baseline -0.003 0"><span class='ocrx_word' id='word_1_214' title='bbox 708 3365 1021 3430; x_wconf 80' lang='lat' dir='ltr'><strong>videntur.</strong></span> 
     </span>
    </p>
   </div>
   <div class='ocr_carea' id='block_1_11' title="bbox 708 3553 3597 4075">
    <p class='ocr_par' dir='ltr' id='par_1_12' title="bbox 710 3553 3475 3617">
     <span class='ocr_line' id='line_1_27' title="bbox 710 3553 3475 3617; baseline -0 0"><span class='ocrx_word' id='word_1_215' title='bbox 710 3555 789 3617; x_wconf 75' lang='lat'><strong>*1</strong></span> <span class='ocrx_word' id='word_1_216' title='bbox 3173 3553 3299 3617; x_wconf 80' lang='lat'><strong>592</strong></span> <span class='ocrx_word' id='word_1_217' title='bbox 3341 3553 3475 3617; x_wconf 80' lang='lat' dir='ltr'><strong>ian.</strong></span> 
     </span>
    </p>

    <p class='ocr_par' dir='ltr' id='par_1_13' title="bbox 710 3553 3507 3839">
     <span class='ocr_line' id='line_1_28' title="bbox 710 3553 3507 3744; baseline -0.001 -21"><span class='ocrx_word' id='word_1_218' title='bbox 710 3658 1132 3743; x_wconf 85' lang='lat' dir='ltr'><strong>Gregorius</strong></span> <span class='ocrx_word' id='word_1_219' title='bbox 1177 3657 1210 3721; x_wconf 92' lang='grc' dir='ltr'>Ι</span> <span class='ocrx_word' id='word_1_220' title='bbox 1253 3658 1529 3723; x_wconf 91' lang='lat' dir='ltr'><strong>Leontio</strong></span> <span class='ocrx_word' id='word_1_221' title='bbox 1575 3678 1635 3721; x_wconf 80' lang='lat' dir='ltr'><strong>v,</strong></span> <span class='ocrx_word' id='word_1_222' title='bbox 1683 3657 1760 3722; x_wconf 90' lang='lat' dir='ltr'><strong>cl.</strong></span> <span class='ocrx_word' id='word_1_223' title='bbox 1808 3659 2081 3744; x_wconf 87' lang='lat' dir='ltr'><strong>iniungit</strong></span> <span class='ocrx_word' id='word_1_224' title='bbox 2126 3680 2343 3725; x_wconf 86' lang='lat' dir='ltr'><strong>curam</strong></span> <span class='ocrx_word' id='word_1_225' title='bbox 2389 3657 3010 3744; x_wconf 90' lang='lat' dir='ltr'><strong>sollicitudinemque</strong></span> <span class='ocrx_word' id='word_1_226' title='bbox 3056 3554 3348 3722; x_wconf 41' lang='lat' dir='ltr'><strong>civitatis.</strong></span> <span class='ocrx_word' id='word_1_227' title='bbox 3469 3553 3507 3636; x_wconf 71' lang='grc'><strong><em>)</em></strong></span> 
     </span>
     <span class='ocr_line' id='line_1_29' title="bbox 912 3768 1894 3839; baseline 0.001 -15"><span class='ocrx_word' id='word_1_228' title='bbox 912 3768 1092 3824; x_wconf 78' lang='lat' dir='ltr'><strong>Laud.</strong></span> <span class='ocrx_word' id='word_1_229' title='bbox 1128 3768 1192 3822; x_wconf 72' lang='lat' dir='ltr'><strong>in</strong></span> <span class='ocrx_word' id='word_1_230' title='bbox 1223 3784 1280 3824; x_wconf 74' lang='lat' dir='ltr'><strong>n.</strong></span> <span class='ocrx_word' id='word_1_231' title='bbox 1305 3776 1352 3823; x_wconf 76' lang='lat'><strong>2.</strong></span> <span class='ocrx_word' id='word_1_232' title='bbox 1387 3801 1456 3811; x_wconf 93' lang='lat'>—</span> <span class='ocrx_word' id='word_1_233' title='bbox 1493 3769 1625 3839; x_wconf 73' lang='lat' dir='ltr'><strong>Rey.</strong></span> <span class='ocrx_word' id='word_1_234' title='bbox 1662 3769 1771 3824; x_wconf 86' lang='lat' dir='ltr'><strong>JE.</strong></span> <span class='ocrx_word' id='word_1_235' title='bbox 1812 3801 1894 3825; x_wconf 93' lang='lat'><strong>—.</strong></span> 
     </span>
    </p>

    <p class='ocr_par' dir='ltr' id='par_1_14' title="bbox 708 3884 3510 3969">
     <span class='ocr_line' id='line_1_30' title="bbox 708 3884 3510 3969; baseline -0 -21"><span class='ocrx_word' id='word_1_236' title='bbox 708 3885 755 3948; x_wconf 82' lang='lat'><strong><em>2</em></strong></span> <span class='ocrx_word' id='word_1_237' title='bbox 2467 3899 2474 3906; x_wconf 90' lang='lat'><strong>·</strong></span> <span class='ocrx_word' id='word_1_238' title='bbox 3141 3884 3302 3969; x_wconf 84' lang='lat'><em>(592</em></span> <span class='ocrx_word' id='word_1_239' title='bbox 3342 3884 3510 3968; x_wconf 81' lang='lat' dir='ltr'><strong>ian.)</strong></span> 
     </span>
    </p>

    <p class='ocr_par' dir='ltr' id='par_1_15' title="bbox 712 3984 3597 4075">
     <span class='ocr_line' id='line_1_31' title="bbox 712 3984 3597 4075; baseline 0 -25"><span class='ocrx_word' id='word_1_240' title='bbox 712 3984 1138 4071; x_wconf 86' lang='lat' dir='ltr'><strong>Gregorius</strong></span> <span class='ocrx_word' id='word_1_241' title='bbox 1183 3987 1217 4049; x_wconf 97' lang='lat' dir='ltr'><strong>I</strong></span> <span class='ocrx_word' id='word_1_242' title='bbox 1285 3987 1488 4071; x_wconf 89' lang='lat' dir='ltr'><strong>clero,</strong></span> <span class='ocrx_word' id='word_1_243' title='bbox 1557 3986 1762 4051; x_wconf 89' lang='lat' dir='ltr'><strong>ordini</strong></span> <span class='ocrx_word' id='word_1_244' title='bbox 1830 3993 1896 4050; x_wconf 92' lang='lat' dir='ltr'><strong>et</strong></span> <span class='ocrx_word' id='word_1_245' title='bbox 1950 3987 2127 4071; x_wconf 91' lang='lat' dir='ltr'><strong>plebi</strong></span> <span class='ocrx_word' id='word_1_246' title='bbox 2183 3990 2551 4055; x_wconf 90' lang='lat' dir='ltr'><strong>consistenti</strong></span> <span class='ocrx_word' id='word_1_247' title='bbox 2605 3989 2819 4075; x_wconf 88' lang='lat' dir='ltr'><strong>Nepe:</strong></span> <span class='ocrx_word' id='word_1_248' title='bbox 2886 3989 3221 4072; x_wconf 85' lang='lat' dir='ltr'><strong>admonet,</strong></span> <span class='ocrx_word' id='word_1_249' title='bbox 3281 3994 3597 4073; x_wconf 88' lang='lat' dir='ltr'><strong>quatenus</strong></span> 
     </span>
    </p>
   </div>
   <div class='ocr_carea' id='block_1_12' title="bbox 710 4088 2887 4272">
    <p class='ocr_par' dir='ltr' id='par_1_16' title="bbox 710 4088 2887 4272">
     <span class='ocr_line' id='line_1_32' title="bbox 710 4088 2887 4158; baseline 0.001 -4"><span class='ocrx_word' id='word_1_250' title='bbox 710 4090 984 4155; x_wconf 87' lang='lat' dir='ltr'><strong>Leontio</strong></span> <span class='ocrx_word' id='word_1_251' title='bbox 1032 4111 1090 4154; x_wconf 73' lang='lat' dir='ltr'><strong>V.</strong></span> <span class='ocrx_word' id='word_1_252' title='bbox 1138 4089 1215 4154; x_wconf 88' lang='lat' dir='ltr'><strong>cl.</strong></span> <span class='ocrx_word' id='word_1_253' title='bbox 1263 4091 1328 4155; x_wconf 92' lang='lat' dir='ltr'><strong>in</strong></span> <span class='ocrx_word' id='word_1_254' title='bbox 1372 4089 1666 4155; x_wconf 88' lang='lat' dir='ltr'><strong>omnibus</strong></span> <span class='ocrx_word' id='word_1_255' title='bbox 1710 4088 2018 4156; x_wconf 80' lang='lat' dir='ltr'><strong>exhibere</strong></span> <span class='ocrx_word' id='word_1_256' title='bbox 2066 4090 2544 4157; x_wconf 90' lang='lat' dir='ltr'><strong>oboedientiam</strong></span> <span class='ocrx_word' id='word_1_257' title='bbox 2591 4092 2887 4158; x_wconf 88' lang='lat' dir='ltr'><strong>debeant.</strong></span> 
     </span>
     <span class='ocr_line' id='line_1_33' title="bbox 1090 4199 1828 4272; baseline 0.003 -18"><span class='ocrx_word' id='word_1_258' title='bbox 1090 4220 1141 4255; x_wconf 86' lang='lat' dir='ltr'><strong>v.</strong></span> <span class='ocrx_word' id='word_1_259' title='bbox 1178 4199 1363 4271; x_wconf 84' lang='lat' dir='ltr'><strong>Episc.</strong></span> <span class='ocrx_word' id='word_1_260' title='bbox 1400 4199 1662 4272; x_wconf 88' lang='lat' dir='ltr'><strong>Nepesin.</strong></span> <span class='ocrx_word' id='word_1_261' title='bbox 1699 4219 1752 4256; x_wconf 89' lang='lat' dir='ltr'><strong>n.</strong></span> <span class='ocrx_word' id='word_1_262' title='bbox 1778 4204 1828 4256; x_wconf 87' lang='lat'><strong>2.</strong></span> 
     </span>
    </p>
   </div>
   <div class='ocr_carea' id='block_1_13' title="bbox 709 4314 3507 4601">
    <p class='ocr_par' dir='ltr' id='par_1_17' title="bbox 709 4314 3507 4601">
     <span class='ocr_line' id='line_1_34' title="bbox 709 4314 3437 4383; baseline 0.002 -6"><span class='ocrx_word' id='word_1_263' title='bbox 709 4314 791 4377; x_wconf 74' lang='lat'><strong>*3</strong></span> <span class='ocrx_word' id='word_1_264' title='bbox 3311 4322 3437 4383; x_wconf 89' lang='grc'><strong>117</strong></span> 
     </span>
     <span class='ocr_line' id='line_1_35' title="bbox 711 4321 3507 4506; baseline 0.002 -25"><span class='ocrx_word' id='word_1_265' title='bbox 711 4417 1173 4483; x_wconf 86' lang='lat' dir='ltr'><strong>Alexander</strong></span> <span class='ocrx_word' id='word_1_266' title='bbox 1215 4416 1320 4482; x_wconf 94' lang='lat' dir='ltr'><strong>III</strong></span> <span class='ocrx_word' id='word_1_267' title='bbox 1367 4420 1632 4485; x_wconf 89' lang='lat' dir='ltr'><strong>mandat</strong></span> <span class='ocrx_word' id='word_1_268' title='bbox 1674 4420 2038 4506; x_wconf 85' lang='lat' dir='ltr'><strong>Nepesinis,</strong></span> <span class='ocrx_word' id='word_1_269' title='bbox 2084 4429 2155 4487; x_wconf 92' lang='lat' dir='ltr'><strong>ut</strong></span> <span class='ocrx_word' id='word_1_270' title='bbox 2199 4421 2712 4487; x_wconf 89' lang='lat' dir='ltr'><strong>Viterbiensibus</strong></span> <span class='ocrx_word' id='word_1_271' title='bbox 2763 4422 3091 4487; x_wconf 88' lang='lat' dir='ltr'><strong>adsistant.</strong></span> <span class='ocrx_word' id='word_1_272' title='bbox 3277 4321 3316 4402; x_wconf 76' lang='grc'><strong><em>(</em></strong></span> <span class='ocrx_word' id='word_1_273' title='bbox 3436 4321 3507 4404; x_wconf 71' lang='grc'><strong>8)</strong></span> 
     </span>
     <span class='ocr_line' id='line_1_36' title="bbox 917 4528 1887 4601; baseline 0.002 -18"><span class='ocrx_word' id='word_1_274' title='bbox 917 4528 1099 4584; x_wconf 71' lang='lat' dir='ltr'><strong>Laud.</strong></span> <span class='ocrx_word' id='word_1_275' title='bbox 1135 4529 1197 4582; x_wconf 65' lang='lat' dir='ltr'><strong>in</strong></span> <span class='ocrx_word' id='word_1_276' title='bbox 1231 4546 1286 4583; x_wconf 73' lang='lat' dir='ltr'><strong>n.</strong></span> <span class='ocrx_word' id='word_1_277' title='bbox 1312 4539 1360 4584; x_wconf 79' lang='lat'><strong>4.</strong></span> <span class='ocrx_word' id='word_1_278' title='bbox 1397 4561 1463 4570; x_wconf 88' lang='lat'><em>-</em></span> <span class='ocrx_word' id='word_1_279' title='bbox 1504 4530 1634 4601; x_wconf 61' lang='grc' dir='ltr'><strong>περ.</strong></span> <span class='ocrx_word' id='word_1_280' title='bbox 1661 4531 1766 4587; x_wconf 78' lang='lat' dir='ltr'><strong>JL.</strong></span> <span class='ocrx_word' id='word_1_281' title='bbox 1805 4563 1887 4585; x_wconf 89' lang='lat'><strong>-.</strong></span> 
     </span>
    </p>
   </div>
   <div class='ocr_carea' id='block_1_14' title="bbox 709 4646 3597 5245">
    <p class='ocr_par' dir='ltr' id='par_1_18' title="bbox 709 4646 3597 5145">
     <span class='ocr_line' id='line_1_37' title="bbox 709 4646 3510 4732; baseline 0.002 -27"><span class='ocrx_word' id='word_1_282' title='bbox 709 4646 752 4705; x_wconf 81' lang='lat'><em>4</em></span> <span class='ocrx_word' id='word_1_283' title='bbox 3278 4650 3510 4732; x_wconf 82' lang='lat'><em>(1178)</em></span> 
     </span>
     <span class='ocr_line' id='line_1_38' title="bbox 710 4746 3594 4837; baseline 0.001 -25"><span class='ocrx_word' id='word_1_284' title='bbox 710 4746 1163 4812; x_wconf 86' lang='lat' dir='ltr'><strong>Alexander</strong></span> <span class='ocrx_word' id='word_1_285' title='bbox 1205 4746 1310 4811; x_wconf 90' lang='grc' dir='ltr'><strong>ΠΙ</strong></span> <span class='ocrx_word' id='word_1_286' title='bbox 1364 4749 1696 4834; x_wconf 78' lang='lat' dir='ltr'><strong>episcopo,</strong></span> <span class='ocrx_word' id='word_1_287' title='bbox 1762 4750 2127 4816; x_wconf 88' lang='lat' dir='ltr'><strong>consulibus</strong></span> <span class='ocrx_word' id='word_1_288' title='bbox 2182 4758 2249 4815; x_wconf 92' lang='lat' dir='ltr'><strong>et</strong></span> <span class='ocrx_word' id='word_1_289' title='bbox 2305 4751 2544 4837; x_wconf 90' lang='lat' dir='ltr'><strong>populo</strong></span> <span class='ocrx_word' id='word_1_290' title='bbox 2584 4750 2954 4836; x_wconf 84' lang='lat' dir='ltr'><strong>Nepesinis:</strong></span> <span class='ocrx_word' id='word_1_291' title='bbox 3016 4750 3362 4836; x_wconf 86' lang='lat' dir='ltr'><strong>significat,</strong></span> <span class='ocrx_word' id='word_1_292' title='bbox 3420 4751 3594 4836; x_wconf 91' lang='lat' dir='ltr'><strong>quod</strong></span> 
     </span>
     <span class='ocr_line' id='line_1_39' title="bbox 711 4850 3597 4945; baseline 0.002 -31"><span class='ocrx_word' id='word_1_293' title='bbox 711 4850 962 4915; x_wconf 90' lang='lat' dir='ltr'><strong>curabit</strong></span> <span class='ocrx_word' id='word_1_294' title='bbox 1004 4850 1368 4937; x_wconf 89' lang='lat' dir='ltr'><strong>prohibere,</strong></span> <span class='ocrx_word' id='word_1_295' title='bbox 1414 4873 1494 4917; x_wconf 91' lang='lat' dir='ltr'><strong>ne</strong></span> <span class='ocrx_word' id='word_1_296' title='bbox 1541 4852 1932 4945; x_wconf 86' lang='lat' dir='ltr'><strong>(Conradus)</strong></span> <span class='ocrx_word' id='word_1_297' title='bbox 1979 4853 2146 4918; x_wconf 91' lang='lat' dir='ltr'><strong>filius</strong></span> <span class='ocrx_word' id='word_1_298' title='bbox 2177 4855 2560 4919; x_wconf 90' lang='lat' dir='ltr'><strong>marchionis</strong></span> <span class='ocrx_word' id='word_1_299' title='bbox 2606 4853 2947 4939; x_wconf 84' lang='lat' dir='ltr'><strong>(willelmi</strong></span> <span class='ocrx_word' id='word_1_300' title='bbox 2991 4852 3071 4919; x_wconf 91' lang='lat' dir='ltr'><strong>de</strong></span> <span class='ocrx_word' id='word_1_301' title='bbox 3103 4855 3597 4940; x_wconf 85' lang='lat' dir='ltr'><strong>Monteferrato)</strong></span> 
     </span>
     <span class='ocr_line' id='line_1_40' title="bbox 709 4955 3595 5045; baseline 0.003 -28"><span class='ocrx_word' id='word_1_302' title='bbox 709 4955 868 5039; x_wconf 89' lang='lat' dir='ltr'><strong>ipsis</strong></span> <span class='ocrx_word' id='word_1_303' title='bbox 896 4955 1260 5019; x_wconf 88' lang='lat' dir='ltr'><strong>molestiam</strong></span> <span class='ocrx_word' id='word_1_304' title='bbox 1291 4955 1526 5020; x_wconf 89' lang='lat' dir='ltr'><strong>inferat</strong></span> <span class='ocrx_word' id='word_1_305' title='bbox 1556 4958 1658 5022; x_wconf 85' lang='lat' dir='ltr'><strong>vel</strong></span> <span class='ocrx_word' id='word_1_306' title='bbox 1688 4979 2059 5043; x_wconf 83' lang='lat' dir='ltr'><strong>gravamen,</strong></span> <span class='ocrx_word' id='word_1_307' title='bbox 2107 4961 2260 5045; x_wconf 89' lang='lat' dir='ltr'><strong>quia</strong></span> <span class='ocrx_word' id='word_1_308' title='bbox 2290 4958 2804 5025; x_wconf 89' lang='lat' dir='ltr'><strong>Viterbiensibus</strong></span> <span class='ocrx_word' id='word_1_309' title='bbox 2843 4959 3192 5024; x_wconf 88' lang='lat' dir='ltr'><strong>secundum</strong></span> <span class='ocrx_word' id='word_1_310' title='bbox 3221 4959 3595 5025; x_wconf 86' lang='lat' dir='ltr'><strong>mandatum</strong></span> 
     </span>
     <span class='ocr_line' id='line_1_41' title="bbox 713 5059 2098 5145; baseline 0.004 -23"><span class='ocrx_word' id='word_1_311' title='bbox 713 5080 896 5123; x_wconf 87' lang='lat' dir='ltr'><strong>suum</strong></span> <span class='ocrx_word' id='word_1_312' title='bbox 941 5070 1034 5141; x_wconf 78' lang='lat' dir='ltr'><strong>(n.</strong></span> <span class='ocrx_word' id='word_1_313' title='bbox 1065 5062 1158 5145; x_wconf 83' lang='lat'><strong>3),</strong></span> <span class='ocrx_word' id='word_1_314' title='bbox 1205 5061 1370 5124; x_wconf 89' lang='lat' dir='ltr'><strong>sicut</strong></span> <span class='ocrx_word' id='word_1_315' title='bbox 1413 5059 1647 5145; x_wconf 89' lang='lat' dir='ltr'><strong>decuit,</strong></span> <span class='ocrx_word' id='word_1_316' title='bbox 1696 5060 2098 5129; x_wconf 87' lang='lat' dir='ltr'><strong>adstiterunt.</strong></span> 
     </span>
    </p>

    <p class='ocr_par' dir='ltr' id='par_1_19' title="bbox 1088 5169 1821 5245">
     <span class='ocr_line' id='line_1_42' title="bbox 1088 5169 1821 5245; baseline 0.005 -20"><span class='ocrx_word' id='word_1_317' title='bbox 1088 5188 1140 5227; x_wconf 80' lang='lat' dir='ltr'><strong>v.</strong></span> <span class='ocrx_word' id='word_1_318' title='bbox 1177 5169 1362 5244; x_wconf 81' lang='lat' dir='ltr'><strong>Episc.</strong></span> <span class='ocrx_word' id='word_1_319' title='bbox 1399 5171 1663 5245; x_wconf 82' lang='lat' dir='ltr'><strong>Nepesin.</strong></span> <span class='ocrx_word' id='word_1_320' title='bbox 1699 5190 1752 5229; x_wconf 90' lang='lat' dir='ltr'><strong>n.</strong></span> <span class='ocrx_word' id='word_1_321' title='bbox 1770 5174 1821 5229; x_wconf 86' lang='lat'><strong>4.</strong></span> 
     </span>
    </p>
   </div>
  </div>
 </body>
</html>
