4055 6069
723 436 744 494 1
758 435 840 494 44
2038 428 2277 485 Latium.

1970 714 2357 809 TREVL

1885 863 2134 933 (Trebia.
2190 865 2436 933 Trebae)

926 1000 1079 1057 Dom.
1112 1002 1237 1055 Ant.
1276 1000 1685 1057 Pierantoni
1722 1001 1988 1057 Memorie
2023 1002 2115 1058 del
2154 1002 2336 1069 Lazio,
2371 1022 2470 1057 ms.
2495 1022 2537 1058 s.
2564 1002 2769 1068 XVIII,
2807 1001 2988 1069 Trevi,
3026 1001 3162 1058 olim
3198 1001 3253 1055 in
3291 1000 3430 1055 bibl.
3467 1000 3603 1055 eccl.

715 1108 756 1142 s,
779 1087 1007 1153 Mariae,
1045 1106 1190 1142 nunc
1228 1087 1283 1143 in
1321 1088 1551 1143 archivo
1588 1087 1855 1144 civitatis.
1892 1119 1960 1127 —
1995 1089 2098 1144 Ma
2111 1108 2309 1145 rocco
2346 1089 2692 1147 Monumenti
2729 1089 2776 1143 X
2814 1089 2883 1143 26
2907 1107 2987 1157 sq.
3043 1117 3103 1128 —
3142 1087 3184 1143 O
3201 1105 3236 1142 a
3255 1088 3417 1158 ppel
3433 1085 3603 1142 letti
3727 1082 3730 1093 '

719 1175 795 1228 VI
835 1174 937 1229 386
956 1193 1037 1243 sq.

933 1332 1170 1397 Trebia
1216 1331 1524 1418 oppidum
1571 1332 1653 1397 ad
1700 1333 1968 1398 Anienis
2013 1334 2219 1417 ripas,
2275 1333 2429 1398 olim
2483 1332 2696 1400 Treba
2740 1335 3034 1419 Augusta
3079 1332 3189 1417 (cf.
3237 1331 3322 1397 H.
3353 1330 3606 1395 Dessau

719 1438 784 1501 in
829 1437 901 1501 O.
935 1436 987 1500 Ι.
1018 1437 1095 1500 L.
1126 1436 1293 1501 XIV
1338 1435 1522 1521 353),
1579 1459 1781 1523 usque
1837 1438 1920 1501 ad
1976 1459 2144 1502 saec.
2194 1436 2295 1501 XI
2349 1439 2678 1522 proprium
2732 1439 3173 1523 episcopatum
3227 1435 3451 1501 habuit
3493 1431 3604 1518 (cf.

722 1540 947 1625 Giorgi
1007 1540 1175 1605 Diss.
1233 1541 1381 1606 hist.
1430 1541 1511 1605 de
1571 1541 1878 1606 cathedra
1936 1544 2130 1627 episc.
2191 1540 2407 1607 Setiae
2476 1564 2537 1627 p.
2592 1546 2669 1608 18
2694 1565 2820 1628 sq.;
2886 1541 3228 1606 Duchesne
3290 1540 3356 1604 in
3410 1538 3603 1603 Arch.

721 1643 893 1709 della
938 1644 1082 1710 Soc.
1127 1644 1317 1709 Rom.
1362 1644 1493 1711 XV
1537 1645 1711 1731 496),
1758 1648 1867 1730 qui
1911 1646 2188 1711 fluminis
2233 1647 2433 1730 ipsius
2476 1647 2679 1712 valles
2721 1667 2852 1710 una
2909 1667 3051 1710 cum
3107 1643 3362 1730 oppidis
3400 1642 3606 1708 Vallis

719 1755 1043 1835 petrarum
1101 1747 1574 1833 (Valkpietra)‚
1632 1748 1906 1814 Filittini
1958 1749 2346 1833 (Filettino),
2406 1748 2671 1816 Gennae
2727 1750 2992 1833 (Jerme)
3049 1755 3114 1813 et
3171 1749 3372 1814 Collis
3425 1746 3606 1811 altuli

720 1856 849 1918 suis
878 1853 1108 1918 finibus
1139 1853 1526 1919 continebat.
1594 1854 1905 1919 Veterum
1940 1856 2387 1940 episcoporum
2418 1857 2650 1921 seriem
2683 1853 2954 1939 praebet
2982 1853 3244 1937 Ughelli
3284 1851 3312 1891 ²
3341 1852 3435 1916 X·
3467 1855 3606 1931 175,

721 1961 829 2044 qui
872 1980 1026 2023 vero
1073 1961 1136 2024 in
1170 1981 1453 2024 errorem
1483 1961 1927 2045 gravissimum
1962 1960 2203 2044 incidit,
2251 1960 2558 2045 oppidum
2597 1961 2722 2025 hoc
2766 1960 2937 2025 Latii
2985 1981 3127 2024 cum
3175 1964 3383 2022 castro
3413 1956 3609 2021 Trevi

719 2065 785 2126 in
828 2060 1098 2128 Umbria
1142 2065 1308 2128 inter
1349 2063 1734 2149 Fulgineum
1781 2074 1848 2129 et
1892 2064 2251 2150 Spoletium
2299 2064 2712 2132 confundens.
2799 2064 3226 2149 Episcopatus
3265 2059 3609 2127 Trebensis

720 2168 1023 2231 miseram
1077 2189 1258 2232 suam
1313 2170 1511 2234 vitam
1573 2171 1770 2234 traxit
1823 2191 2024 2256 usque
2087 2169 2170 2233 ad
2228 2170 2290 2234 N
2292 2171 2481 2235 icolai
2526 2170 2596 2234 II
2651 2176 2978 2255 tempora,
3040 2170 3216 2233 cuius
3271 2167 3607 2232 Romanae

720 2270 964 2356 synodo
996 2295 1053 2337 a.
1093 2276 1255 2336 1059
1287 2272 1547 2336 ultimus
1579 2270 1923 2337 Trebensis
1953 2274 2292 2359 episcopus
2310 2273 2632 2347 Iohannes
2660 2272 2966 2337 interfuit.
3035 2272 3186 2357 Ipse
3213 2270 3518 2336 Nicolaus
3541 2267 3611 2331 II

723 2378 1164 2460 episcopatum
1209 2378 1596 2461 suppressit,
1659 2378 1809 2461 quia
1862 2378 1952 2441 ita
1997 2399 2246 2463 pauper
2304 2386 2502 2462 esset,
2561 2384 2633 2442 ut
2686 2378 3015 2463 proprium
3061 2380 3502 2460 competenter
3546 2379 3612 2436 et

722 2480 914 2573 digne
971 2482 1266 2566 nequiret
1317 2479 1673 2545 redditibus
1735 2483 1864 2545 suis
1931 2488 2290 2547 sustentare
2343 2482 2741 2567 pontificem,
2807 2487 2874 2545 et
2929 2479 3255 2564 Anagnini
3325 2478 3610 2563 episcopi

721 2584 1139 2649 iurisdictioni
1185 2584 1497 2669 spirituali
1551 2606 1679 2649 una
1733 2607 1878 2650 cum
1925 2591 2199 2670 quatuor
2256 2588 2392 2650 eius
2437 2587 2797 2670 municipiis
2854 2584 3152 2659 subiecit;
3223 2584 3395 2670 quod
3458 2604 3608 2648 con-

721 2687 1054 2751 firmarunt
1096 2686 1472 2752 Alexander
1515 2686 1616 2772 II,
1679 2687 2030 2773 Gregorius
2070 2689 2203 2752 VII
2261 2695 2326 2754 et
2370 2689 2595 2754 Victor
2638 2688 2764 2754 III.
2864 2688 2994 2754 Sed
3041 2687 3425 2753 documenta
3472 2688 3612 2771 ipsa

720 2791 1050 2874 perierunt
1107 2790 1195 2875 (v.
1242 2793 1529 2876 Anagni,
1575 2791 1788 2876 Episc.
1835 2815 1897 2857 n.
1931 2792 2150 2878 3-6).
2250 2794 2441 2857 quta
2499 2792 2921 2858 Trebensium
2977 2791 3355 2877 popularem
3411 2788 3610 2854 tradi-

723 2895 985 2977 tionem,
1034 2915 1227 2978 quam
1270 2894 1521 2959 Mirtius
1566 2896 1631 2958 in
1676 2895 1910 2960 Chron.
1945 2894 2284 2962 Sublacen.
2311 2894 2441 2981 (ed.
2476 2896 2696 2961 Allodi
2726 2918 2788 2981 p.
2824 2895 2979 2981 216)
3021 2895 3328 2980 vulgavit,
3373 2891 3613 2958 Trebia

722 2997 1038 3085 dignitate
1083 3000 1436 3086 episcopali
1492 3001 1895 3085 civitatisque
1953 3000 2139 3065 titulo
2196 3000 2422 3067 orbata
2474 3008 2573 3066 est
2630 3000 2711 3066 ob
2772 3021 2998 3066 necem
3058 3000 3344 3085 episcopi
3389 2999 3485 3062 sui
3528 2997 3610 3062 ab

721 3103 946 3167 incolis
999 3109 1229 3168 actam.
1332 3104 1575 3169 Verum
1645 3104 2007 3171 Trebenses
2075 3107 2450 3171 memoriam
2519 3107 2907 3189 praeteritae
2976 3105 3220 3189 gloriae
3288 3123 3613 3189 nunquam

722 3206 1102 3282 amiserunt;
1179 3204 1576 3289 temporibus
1658 3209 1828 3271 enim
1894 3207 2251 3273 Innocentii
2299 3207 2434 3290 111,
2514 3208 2787 3272 Honorii
2839 3207 2945 3271 III
3028 3214 3096 3273 et
3162 3205 3458 3291 Gregorii
3512 3204 3613 3269 IX

723 3308 1087 3375 libertatem
1120 3331 1300 3374 suam
1330 3331 1545 3374 rursus
1576 3312 1907 3394 acquirere
1936 3312 2150 3376 conati
2173 3320 2336 3396 sunt,
2371 3311 2830 3376 contendentes
2855 3312 3192 3376 ecclesiam
3225 3334 3272 3376 s.
3287 3308 3611 3375 Theodori

727 3412 1122 3478 Trebensem
1169 3413 1323 3477 olim
1369 3412 1806 3478 cathedralem
1842 3415 2056 3481 fuisse.
2128 3414 2257 3481 Sed
2303 3416 2557 3480 frustra.
2625 3415 2794 3481 Nam
2825 3414 3176 3499 Gregorius
3206 3415 3307 3479 IX
3352 3437 3408 3479 a.
3448 3417 3610 3478 1227

724 3537 871 3602 aug.
911 3521 985 3583 13
1034 3518 1389 3601 constituit,
1438 3518 1779 3582 ecclesiam
1836 3541 1885 3583 s.
1918 3519 2245 3584 Theodori
2302 3526 2369 3585 et
2429 3541 2651 3586 omnes
2696 3521 2856 3585 alias
2901 3519 3262 3585 Trebenses
3307 3518 3613 3583 ecclesias

725 3621 1028 3706 episcopo
1060 3621 1399 3706 Anagnino
1448 3629 1776 3707 tamquam
1823 3622 2206 3688 dioecesano
2254 3625 2558 3708 episcopo
2608 3623 2821 3708 quoad
2866 3625 3362 3707 correctionem,
3408 3620 3612 3687 refor-

723 3726 1104 3808 mationem,
1178 3726 1637 3789 institutionem
1704 3734 1771 3791 et
1841 3726 2323 3792 destitutionem
2402 3736 2470 3792 et
2536 3728 2749 3792 omnia
2811 3727 2939 3791 alia
3013 3729 3154 3791 iura
3221 3724 3614 3811 episcopalia

723 3836 1038 3913 perpetuo
1117 3848 1258 3894 esse
1325 3828 1645 3894 subiectas
1715 3828 2047 3915 (Potthast
2110 3830 2276 3916 Reg.
2348 3830 2564 3916 8008).
2678 3829 2780 3895 Ita
2846 3831 3198 3915 permansit
3259 3849 3462 3915 usque
3529 3826 3614 3892 ad

724 3930 1057 3997 Urbanum
1087 3931 1291 4016 VIII,
1354 3934 1463 4017 qui
1521 3931 1826 3998 Trebiam
1884 3940 1952 3998 et
2004 3932 2300 3999 Gennam
2358 3933 2439 3998 ab
2496 3934 2836 4020 Anagnino
2892 3936 3269 4020 episcopatu
3313 3932 3612 4014 seiunxit,

727 4056 838 4100 eas
882 4034 1182 4101 abbatiae
1230 4036 1601 4103 Sublacensi
1648 4036 2020 4103 attribuens.

941 4138 1124 4205 Saec.
1170 4139 1306 4205 XII
1383 4143 1447 4205 in
1525 4143 1844 4207 territorio
1927 4141 2237 4207 Trebensi
2306 4141 2608 4227 dynastas
2673 4144 3062 4217 invenimus,
3139 4163 3299 4228 quos
3364 4139 3616 4205 Mirtius

727 4243 985 4328 regulos
1052 4244 1358 4329 appellat.
1470 4244 1804 4312 Adnotare
1870 4247 2080 4330 iuvat,
2157 4252 2434 4310 castrum
2503 4245 2782 4311 Trebani
2851 4268 2908 4310 a.
2968 4252 3115 4310 1151
3198 4245 3337 4310 dec.
3387 4249 3463 4308 10
3531 4241 3614 4307 ab

726 4345 1019 4441 Eugenio
1065 4346 1172 4412 111
1226 4348 1448 4414 datum
1506 4348 1701 4414 fuisse
1760 4370 1844 4414 ex
1903 4356 2233 4415 contractu
2290 4351 2779 4434 permutationis
2840 4349 3053 4415 Odoni
3111 4349 3192 4414 de
3255 4346 3616 4432 Columpna

725 4447 813 4534 (v,
859 4450 1090 4534 Roma,
1139 4451 1423 4517 Comites
1471 4452 1550 4519 de
1597 4453 1957 4520 Tusculano
2004 4475 2064 4518 n.
2100 4453 2187 4538 5).
2279 4452 2461 4519 Saec.
2493 4453 2663 4519 XIII
2708 4455 2953 4519 familia
2997 4452 3353 4518 Alexandri
3385 4451 3482 4517 IV
3527 4450 3615 4515 ibi

723 4553 967 4639 floruit,
1014 4577 1089 4620 ac
1136 4554 1369 4622 deinde
1417 4555 1881 4633 Caetanorum;
1929 4557 2011 4621 de
2059 4557 2199 4622 aliis
2246 4558 2324 4624 cf.
2358 4559 2555 4624 Mirtii
2586 4559 2820 4625 Chron.
2856 4558 3194 4623 Sublacen.
3229 4557 3359 4643 (ed.
3393 4555 3616 4621 Allodi

724 4680 788 4743 p.
822 4658 978 4744 217)
1025 4665 1090 4724 et
1134 4659 1235 4726 De
1276 4659 1601 4744 Magistris
1646 4682 1707 4745 p.
1749 4665 1865 4724 114
1893 4683 1987 4746 sq.
2036 4668 2103 4726 et
2147 4663 2457 4747 rescripta
2488 4662 2839 4728 Clementis
2869 4662 2966 4728 IV
3010 4684 3068 4727 a.
3109 4666 3272 4729 1268
3313 4670 3497 4728 mart.
3533 4665 3615 4728 30

726 4762 791 4825 in
837 4760 1057 4827 Cencii
1101 4764 1297 4829 Libro
1345 4785 1648 4830 censuum
1697 4762 1760 4827 S.
1791 4764 1871 4828 R.
1903 4762 1978 4828 E.
2027 4763 2160 4850 (ed.
2205 4764 2796 4832 Fabre-Duchesne
2844 4766 2913 4830 H
2964 4767 3090 4853 16).

942 4866 1331 4954 Trebenses,
1393 4891 1551 4954 quos
1608 4870 2000 4935 inveteratos
2058 4868 2357 4936 abbatiae
2415 4872 2634 4936 hostes
2690 4872 2940 4937 Mirtius
3008 4871 3295 4956 appellat
3365 4868 3616 4956 (Allodi

724 4992 787 5055 p.
823 4970 999 5056 212),
1045 4982 1270 5038 contra
1312 4975 1554 5038 vicinos
1586 4970 2014 5038 Sublacenses
2061 4973 2329 5039 abbates
2375 4978 2612 5059 passim
2657 4975 2803 5041 lites
2833 4981 3190 5060 moverunt,
3234 4975 3617 5060 praesertim

727 5075 897 5139 circa
941 5082 1219 5140 castrum
1265 5075 1566 5153 Gennae;
1623 5075 1853 5162 quibus
1899 5080 2267 5163 compositis
2324 5081 2391 5144 in
2446 5082 2619 5145 curia
2671 5079 2997 5162 Romana,
3052 5078 3329 5163 denique
3387 5075 3620 5142 Genna

726 5182 1119 5245 monasterio
1178 5181 1554 5249 Sublacensi
1609 5179 1947 5266 adsignata
2003 5189 2102 5246 est
2157 5181 2267 5268 (cf.
2314 5182 2661 5249 Rambaldi
2715 5183 2942 5250 iudicis
2995 5208 3044 5250 s.
3092 5183 3220 5268 pal.
3264 5181 3618 5248 iudicatum
