4055 6069
1559 466 1897 523 Montecelio
1933 496 2000 507 —
2036 464 2293 524 SubiacO.
3280 473 3361 537 83

696 641 894 707 Plura
949 648 1083 707 tum
1128 640 1210 706 de
1253 632 1642 705 monasterio
1689 647 1824 706 tum
1870 641 1950 706 de
1998 642 2136 706 eius
2180 641 2439 707 archivo
2485 642 2719 707 frustra
2763 648 3169 728 quaeruntur.
3261 643 3362 709 De

483 744 626 810 loco
672 746 812 830 ipso
861 744 971 829 (cf.
1004 742 1222 829 Nibby
1251 742 1499 809 Analisi
1536 742 1563 782 ²
1593 742 1698 808 III
1742 747 1867 810 478
1894 742 2019 831 sq.)
2063 745 2129 809 in
2173 746 2552 811 memoriam
2597 745 2906 812 reducere
2951 746 3147 831 iuvat,
3193 766 3361 831 eum,

485 870 609 913 una
654 869 797 914 cum
843 848 1149 915 Burdella
1197 856 1263 913 et
1307 847 1688 933 cantalupo,
1735 848 1818 912 ab
1860 849 2008 915 Ursi
2052 849 2230 934 filiis,
2285 849 2593 915 Gelestini
2634 849 2740 913 III
2783 848 3154 935 nepotibus,
3200 856 3364 917 tem-

484 951 746 1037 poribus
788 951 1147 1018 Innocentii
1183 951 1289 1018 111
1332 953 1590 1016 nomine
1634 952 1920 1037 pignoris
1964 951 2048 1017 ab
2094 954 2366 1018 ecclesia
2409 953 2706 1018 Romana
2750 954 2955 1019 teneri
3000 952 3108 1038 (cf.
3144 953 3364 1020 Vitam

487 1055 841 1121 Innocentii
887 1056 993 1120 III
1036 1077 1091 1120 c.
1130 1058 1249 1120 136
1296 1054 1469 1139 apud
1511 1054 1821 1120 Muratori
1866 1054 1998 1120 Scr.
2046 1055 2189 1120 m·
2236 1058 2408 1142 564).

699 1229 845 1293 Duo
924 1230 1131 1313 prima
1206 1227 1589 1293 documenta
1656 1227 1963 1294 debemus
2035 1230 2296 1314 antiquo
2362 1227 2648 1315 Regesto
2717 1228 3122 1308 Sublacensi;
3192 1231 3367 1296 bulla

487 1342 703 1399 autem
747 1333 1104 1398 Innocentii
1145 1330 1251 1396 III
1295 1334 1357 1396 in
1403 1334 1675 1416 regestis
1705 1332 2034 1398 Vaticanis
2079 1330 2152 1417 (t.
2184 1331 2353 1397 VIl'I
2397 1332 2441 1398 f.
2482 1337 2594 1398 101
2647 1354 2708 1397 n.
2749 1334 2897 1419 120)
2942 1334 3278 1400 invenitur.

492 1507 528 1569 1
2807 1508 2848 1569 9
2896 1510 2934 1569 1
3150 1560 3162 1573 .

489 1609 722 1675 Coram
781 1610 1143 1693 praesentia
1195 1612 1523 1675 Amizonis
1591 1631 1691 1694 ep.
1759 1633 1808 1674 s.
1851 1609 2226 1675 Tiburtinae
2297 1610 2452 1675 eccl.
2522 1630 2635 1675 seu
2699 1510 3284 1675 Gratianimcdrdcisw
3303 1618 3370 1675 et

490 1713 740 1778 comitis
794 1711 1105 1777 Tiburtini
1167 1714 1234 1777 in
1289 1715 1427 1778 vice
1474 1712 1535 1777 d.
1583 1713 1958 1778 Iohannis
2001 1713 2171 1778 XIII
2216 1736 2323 1799 pp.
2393 1715 2529 1779 Leo
2594 1711 2795 1778 abbas
2853 1736 2935 1778 ss.
2981 1714 3258 1779 Cosmae
3305 1722 3372 1779 et

489 1816 790 1881 Damiani
833 1816 899 1881 in
931 1814 1105 1882 Cave
1145 1824 1212 1882 et
1243 1815 1592 1903 Gregorius
1637 1816 1838 1882 abbas
1868 1816 2206 1883 Sublacen.
2253 1817 2536 1882 refutant
2578 1817 2746 1882 inter
2790 1839 2858 1882 se
2905 1817 3137 1883 fundos
3182 1817 3368 1884 Sam·

490 1919 790 1985 buculum
836 1926 904 1985 et
945 1921 1319 1988 Lucianum.

871 2050 918 2085 v.
956 2031 1212 2098 subiace,
1248 2033 1395 2089 Mon.
1433 2051 1475 2087 s.
1503 2031 1792 2090 Benedicti
1830 2035 1889 2089 et
1923 2050 1966 2088 s.
1991 2031 2376 2087 scholasticae
2413 2050 2468 2088 n.
2497 2032 2581 2087 19.

489 2156 536 2218 2
2306 2152 2513 2219 Roma
2557 2155 2626 2219 S.
2657 2153 2875 2221 Pietro
2921 2158 3049 2219 983
3092 2155 3282 2239 april.

492 2257 568 2321 In
623 2259 990 2343 praesentia
1033 2258 1448 2324 Benedicti
1493 2258 1656 2343 VII,
1721 2260 1784 2322 in
1842 2257 2107 2324 basilica
2169 2257 2230 2321 b.
2278 2258 2457 2323 Petri
2526 2267 2732 2344 apost.
2799 2262 2966 2326 intro
3029 2260 3372 2345 hospitale,

494 2382 686 2427 causa
731 2364 898 2427 inter
940 2361 1364 2428 Benedictum
1409 2361 1711 2428 abbatem
1757 2362 2095 2427 Sublacen.
2142 2344 2209 2427 et
2272 2362 2562 2429 Leonem
2615 2362 2920 2429 abbatem
2979 2385 3060 2427 ss.
3095 2362 3370 2428 Gosmae

493 2472 560 2530 et
602 2465 904 2531 Damiani
947 2467 1013 2530 in
1058 2466 1231 2532 Cave
1278 2487 1472 2551 super
1512 2465 2019 2551 possessionibus
2065 2467 2358 2531 alienatis
2403 2466 2632 2551 agitur.

874 2595 922 2630 v.
959 2574 1213 2643 Subiaco‚
1252 2577 1399 2631 Mon.
1437 2594 1479 2631 s.
1506 2574 1799 2632 Benedicti
1836 2579 1896 2632 et
1929 2594 1971 2631 s.
1997 2574 2381 2631 Scholasticae
2419 2593 2472 2629 n.
2497 2576 2579 2630 22.

496 2670 576 2734 *3
2885 2671 3283 2757 (1191—97)

497 2773 955 2840 celestinus
999 2775 1105 2840 III
1149 2775 1444 2842 concedit
1488 2776 1893 2862 privilegium
1940 2776 2376 2861 protectionis.

702 2883 879 2940 Laud.
915 2885 978 2937 in
1014 2885 1325 2939 1moeemi2·
1360 2885 1471 2939 ΠΙ
1495 2885 1640 2939 suana
1672 2903 1724 2942 a.
1751 2892 1875 2940 1212
1908 2886 2027 2942 iun.
2054 2890 2115 2939 13
2149 2884 2392 2940 Ροαιιωι
2431 2884 2564 2956 Ray.
2591 2892 2743 2941 4539.
2783 2914 2845 2925 -
2885 2884 3019 2957 Ray.
3057 2886 3171 2943 JL.
3209 2916 3291 2941 -.

1774 3160 2102 3231 Subiaco.

1533 3282 1958 3353 (Sublaqueum.
2013 3283 2347 3353 Sublacum)

1048 3421 1560 3490 nonasterium
1610 3438 1667 3488 s.
1700 3419 2070 3488 Benedicti
2115 3421 2192 3488 et
2236 3436 2294 3487 s.
2324 3417 2835 3489 scholasticae.

705 3558 922 3615 Rutilio
957 3558 1177 3616 Scotti
1214 3558 1587 3616 Descrittione
1624 3563 1684 3615 et
1718 3558 1956 3615 historia
1988 3557 2142 3614 della
2175 3557 2421 3613 abbadia
2457 3558 2515 3612 di
2551 3558 2789 3614 Subiaco
2825 3558 3114 3614 illustrata
3146 3577 3196 3615 a.
3226 3562 3377 3626 1615,

498 3666 540 3703 s.
565 3646 740 3710 XVII,
779 3647 896 3701 cod.
934 3645 1132 3702 Chim
1171 3652 1195 3700 1
1229 3647 1312 3702 23.
1351 3680 1416 3687 —
1452 3645 1785 3701 Mabillon
1822 3646 1964 3701 Ann.
2000 3646 2114 3701 ord.
2152 3665 2194 3700 s.
2231 3644 2435 3701 Bened.
2466 3645 2535 3698 ¹1
2573 3647 2730 3714 5sq.;
2770 3650 2792 3680 ¹
2832 3645 2853 3699 1
2888 3645 3022 3714 4sq.
3060 3675 3126 3685 —
3163 3645 3376 3702 Lubin

499 3751 553 3803 p.
577 3732 681 3787 376
723 3763 788 3773 -
815 3733 969 3787 Dom.
996 3734 1128 3788 Ant.
1156 3733 1485 3789 Pieranto
1497 3732 1563 3787 ni
1599 3733 1671 3788 da
1696 3732 1861 3788 Trevi
1888 3731 1983 3786 Gli
2014 3731 2167 3803 sagi-i
2199 3732 2371 3788 secoli
2394 3731 2737 3796 Sublacensi,
2775 3751 2815 3785 s.
2843 3730 3046 3797 XVIII,
3082 3750 3181 3786 ms.
3210 3733 3377 3789 Trevi

498 3821 587 3888 (cf.
612 3817 780 3891 Egidi
804 3837 859 3889 p.
884 3817 992 3888 30).
1029 3849 1093 3859 -
1131 3818 1195 3873 G.
1222 3820 1294 3874 M.
1323 3819 1559 3889 Pujati
1596 3817 2001 3874 Dissertazione
2039 3835 2205 3888 sopra
2241 3817 2497 3890 l'origine
2531 3818 2590 3872 di
2625 3818 2866 3874 Subiaco
2902 3818 3165 3881 (Venezia
3208 3819 3377 3887 1816).

499 3936 564 3947 —
600 3907 918 3961 Marocco
955 3906 1300 3961 Monumenti
1337 3906 1386 3960 X
1431 3906 1498 3961 75
1522 3924 1602 3974 sq.
1639 3936 1707 3944 —
1741 3904 1976 3974 Nibby
2014 3903 2231 3960 Analisi
2259 3908 2282 3939 ²
2318 3905 2398 3959 111
2439 3905 2540 3960 120
2562 3923 2643 3974 sq.
2680 3934 2746 3944 —
2785 3905 2872 3972 (V.
2900 3904 3075 3973 Bini)
3112 3904 3378 3962 Memorie

499 3992 744 4049 storiche
788 3992 937 4048 della
983 4011 1024 4048 s.
1060 3992 1264 4048 Grotta
1307 3993 1458 4048 della
1509 3991 1700 4048 chiesa
1756 4009 1787 4048 e
1833 3991 1924 4047 del
1970 3995 2284 4048 monastero
2320 3991 2378 4047 di
2414 3990 2524 4047 San
2571 3991 2882 4048 Benedetto
2934 4009 3100 4062 sopra
3136 3992 3376 4049 Subiaco

496 4079 696 4150 (Roma
739 4079 908 4148 1840).
958 4111 1021 4120 —
1065 4078 1127 4134 G.
1167 4079 1593 4135 Iannuccelli
1642 4078 2051 4135 Dissertazione
2095 4096 2261 4149 sopra
2297 4077 2553 4150 l’origine
2590 4078 2647 4133 di
2686 4078 2924 4135 Subiaeo
2961 4079 3161 4149 (Roma
3203 4079 3374 4147 1851).

502 4198 567 4206 —
601 4166 862 4221 Moroni
900 4165 1217 4222 Dizionario
1253 4166 1403 4220 LXX
1437 4166 1638 4236 209sq.
1667 4196 1731 4206 —
1759 4165 1931 4221 Fabio
1967 4165 2011 4220 G
2031 4165 2134 4220 ori
2162 4164 2407 4236 Viaggio
2444 4164 3055 4236 pittorico-antiquario
3092 4165 3165 4220 da
3201 4165 3378 4221 Roma

503 4271 538 4309 a
562 4253 750 4309 'l'ivoli
786 4272 817 4308 e
852 4252 1093 4309 Subiaco
1128 4252 1251 4309 sino
1285 4253 1402 4307 alla
1437 4253 1652 4309 famosa
1675 4255 1868 4323 grotta
1890 4250 1950 4306 di
1976 4252 2308 4322 Collepardo
2334 4252 2537 4320 (Roma
2564 4252 2735 4320 1855).
2762 4283 2829 4292 —
2852 4252 2916 4306 G.
2942 4252 3382 4309 Iannuccelli

502 4339 767 4396 Memor-ie
803 4338 861 4392 di
884 4338 1126 4394 Subiaco
1152 4355 1182 4393 e
1207 4356 1307 4393 sua
1330 4338 1502 4394 badia
1527 4338 1776 4405 (Genova
1803 4338 1973 4408 1856).
2002 4368 2063 4378 -
2092 4337 2267 4394 Fabio
2304 4338 2468 4394 Gori
2505 4337 2671 4394 Nova
2694 4336 2868 4410 guida
2891 4338 3097 4394 storica
3119 4338 3380 4394 artistica

503 4427 819 4497 geografica
855 4425 923 4481 ed
960 4424 1284 4494 antiquaria
1319 4426 1392 4480 da
1427 4426 1604 4481 Roma
1640 4443 1677 4480 a
1712 4424 1900 4480 Tivoli
1936 4442 1967 4482 e
2004 4424 2244 4480 Subiaco
2280 4424 2481 4494 (Roma
2519 4424 2691 4495 1864).
2745 4454 2813 4464 --
2861 4424 2923 4478 A.
2949 4424 3230 4480 Dantier
3279 4426 3381 4482 Les

502 4515 838 4569 monasteres
892 4511 1242 4568 benedictina
1296 4511 1518 4567 d’ltalie
1556 4515 1578 4546 ¹
1614 4511 1793 4579 (Paris
1841 4512 1993 4580 1867)
2037 4530 2093 4583 p.
2143 4511 2242 4566 134
2257 4529 2339 4580 sq.
2394 4542 2461 4551 —-
2504 4511 2569 4568 D.
2594 4509 2910 4581 Seghetti
2960 4511 3196 4568 Tuscolo
3245 4530 3276 4568 e
3324 4513 3382 4568 la

505 4598 674 4655 badia
699 4599 1034 4655 Sublacense
1058 4599 1139 4654 in:
1177 4599 1270 4655 Gli
1294 4599 1446 4655 studi
1482 4598 1541 4653 in
1566 4598 1738 4655 Italia
1764 4599 1964 4669 (Roma
1992 4599 2163 4667 1880).
2189 4629 2256 4639 —
2280 4597 2342 4654 Ο.
2372 4598 2506 4654 Bon
2522 4615 2743 4653 amore
2779 4597 2963 4654 Guida
2998 4598 3055 4652 ai
3080 4600 3381 4655 monasteri

505 4685 833 4742 Sublacensi
858 4684 1122 4753 (Venetia
1149 4685 1319 4754 1884).
1344 4717 1412 4725 —
1437 4687 1501 4742 G.
1528 4684 1882 4742 Cicchetti
1919 4685 2105 4741 Rocca
2131 4685 2445 4741 canterano
2482 4702 2511 4740 e
2549 4685 2606 4740 la
2632 4683 2801 4740 badia
2836 4683 2895 4739 di
2918 4684 3158 4740 Subiaco
3183 4684 3382 4756 (Roma

507 4774 679 4843 1899).
737 4803 798 4813 —
854 4773 913 4829 P.
950 4771 1150 4844 Egidi
1192 4771 1491 4828 L’abbazia
1527 4771 1862 4829 Sublacense
1909 4789 1940 4828 e
1984 4772 2044 4827 la
2078 4770 2325 4843 signoria
2360 4771 2420 4826 di
2456 4770 2695 4827 Tusculo
2731 4771 2815 4826 in:
2876 4772 3039 4827 Arch.
3075 4772 3228 4828 della
3260 4772 3380 4829 Soc.

506 4860 660 4916 Rom.
686 4860 841 4914 XXV
879 4861 1056 4930 (1902)
1078 4861 1182 4916 470
1199 4878 1278 4929 sq.
1313 4891 1379 4900 —
1414 4860 1472 4914 P.
1499 4859 1730 4932 Egidi,
1767 4859 1831 4915 G.
1857 4858 2225 4923 Giovannoni,
2266 4858 2326 4915 F.
2352 4857 2669 4922 Hermanin‚
2697 4858 2762 4913 V.
2788 4857 3109 4915 Federici
3147 4862 3172 4915 I
3197 4879 3382 4918 mona-

509 4948 642 5003 steri
681 4946 739 5002 di
776 4946 1014 5002 Subiaco
1040 4947 1081 5000 I.
1108 4946 1160 5000 11
1196 4946 1393 5014 (Roma
1431 4947 1601 5015 1904).
1639 4978 1705 4986 —-
1744 4949 1805 5001 A.
1832 4945 2030 5001 Rossi
2068 4945 2243 5002 Santa
2279 4945 2458 5001 Maria
2495 4945 2552 4999 in
2583 4944 2900 5001 Vulturella
2935 4944 3135 5015 (Roma
3174 4949 3344 5018 1905).

719 5104 795 5167 In
822 5102 1241 5168 celeberrimo
1282 5103 1405 5169 hoc
1436 5104 2036 5188 protomonasterio‚
2083 5103 2164 5169 de
2212 5125 2337 5189 quo
2370 5105 2506 5168 Leo
2530 5102 2631 5167 IX
2660 5103 3077 5170 exclamavit:
3128 5105 3382 5191 „Prope

508 5206 813 5272 mirabilis
858 5213 957 5271 est
999 5207 1177 5271 locus
1221 5207 1341 5271 iste
1402 5229 1518 5291 per
1577 5208 2083 5291 omnipotentem
2142 5206 2374 5273 Deum.
2474 5204 2618 5270 Hoc
2677 5211 3132 5275 monasterium
3190 5216 3384 5294 caput

3007 5312 3073 5368 6*
