4055 6069
1235 1394 2719 1517 TVSCVLANVM

1757 1591 2177 1678 (Frascati)

736 1920 1074 1993 1131181Ιὶι
1100 1921 1126 1975 1
1150 1922 1372 1991 259sq.;
1411 1925 1432 1956 ²
1458 1921 1483 1975 Ι
1508 1921 1611 1976 225
1629 1938 1710 1990 sq.
1735 1950 1801 1960 —
1839 1918 2087 1976 Piazza
2123 1919 2428 1976 Gerarchia
2452 1919 2600 1976 card.
2626 1938 2680 1991 p.
2706 1919 2824 1975 249.
2850 1949 2916 1959 —
2943 1918 3161 1989 Gaspar
3195 1918 3414 1974 Stefa-

531 2028 566 2064 n
583 2026 659 2065 uc
677 2009 820 2065 cius
855 2007 1033 2065 Series
1081 2006 1475 2079 chronologica
1510 2006 1947 2063 Tusculanorum
1995 2005 2318 2062 antistitum
2362 2024 2430 2063 ex
2480 2005 2733 2077 probatis
2782 2004 3103 2062 auctoribus
3147 2009 3415 2075 excerpta

529 2094 850 2167 (Appendix
876 2095 1129 2165 Synodus
1155 2094 1519 2150 Tusculanae.
1558 2095 1765 2149 Romae
1794 2093 1967 2158 1764).
1995 2124 2062 2134 —-
2088 2094 2243 2149 Dom.
2281 2094 2542 2149 Bai-naba
2565 2091 2821 2150 Mattei
2858 2091 3125 2148 Memorie
3149 2091 3415 2148 istoriche

529 2182 661 2238 dell·
698 2181 890 2238 antico
926 2180 1165 2237 Tuscolo
1201 2180 1336 2252 oggi
1371 2178 1624 2235 Frascati
1663 2180 1750 2247 (In
1787 2179 1964 2234 Roma
1992 2179 2162 2248 1711).
2191 2209 2255 2218 —-
2282 2179 2597 2235 Marocco
2632 2177 2982 2235 Monumenti
3005 2177 3111 2233 VII
3147 2179 3217 2234 89
3239 2195 3321 2247 sq.
3347 2207 3413 2217 —-

529 2267 761 2337 Nibby
797 2266 1013 2322 Analisi
1062 2270 1083 2301 ²
1109 2267 1192 2321 111
1225 2266 1330 2322 293
1356 2285 1437 2336 sq.
1487 2297 1553 2307 —
1605 2266 1878 2322 Moroni
1914 2265 2232 2321 Dizionario
2266 2265 2480 2320 XXVII
2521 2267 2745 2336 148sq.;
2791 2266 2891 2323 180
2909 2283 2989 2335 sq.
3026 2296 3094 2305 —
3132 2264 3414 2336 Cappel·

531 2352 695 2410 letti
732 2354 883 2409 1625
906 2371 988 2423 sq.
1014 2382 1080 2391 —
1105 2353 1168 2407 G.
1199 2353 1260 2407 B.
1280 2353 1361 2409 De
1402 2352 1593 2409 Rossi
1629 2353 1676 2407 n
1702 2351 1956 2417 Tuscolo,
1992 2351 2048 2407 le
2085 2351 2221 2408 ville
2259 2351 2571 2407 Tuscolane
2607 2369 2638 2407 e
2674 2352 2727 2408 le
2751 2351 2869 2407 loro
2895 2350 3122 2407 antiche
3147 2350 3411 2407 memorie

529 2439 793 2496 cristiano
846 2440 929 2495 in:
984 2439 1217 2496 Bullett.
1254 2439 1309 2495 di
1360 2439 1601 2495 archeol.
1640 2438 1790 2494 crist.
1838 2437 1949 2495 Ser.
1996 2438 2052 2493 11
2087 2456 2138 2493 a.
2179 2438 2260 2493 III
2306 2438 2483 2507 (1872)
2536 2438 2732 2507 85⁸q.;
2783 2437 2862 2491 IV
2908 2436 3089 2505 (1873)
3135 2436 3204 2492 83
3228 2455 3309 2506 sq.
3346 2467 3411 2478 —

527 2528 588 2583 G.
631 2526 1044 2583 Tomassetti
1102 2527 1162 2582 in
1201 2528 1362 2583 Arch.
1417 2527 1569 2583 della
1622 2526 1741 2582 Soc.
1792 2526 1947 2581 Rom.
1985 2525 2067 2580 IX
2105 2524 2288 2595 (1886)
2340 2526 2409 2581 40
2442 2543 2524 2594 sq.
2579 2523 2698 2593 (ubi
2756 2524 2825 2579 de
2871 2522 3268 2595 scriptoribus,
3314 2523 3413 2594 qui

526 2613 821 2670 historiam
858 2615 1232 2671 Tusculanam
1268 2617 1620 2683 tractarunt).
1649 2643 1713 2654 —
1737 2614 1802 2670 G.
1828 2614 1890 2668 B.
1920 2613 2008 2667 Lu
2018 2632 2059 2684 g
2074 2612 2182 2668 ari
2219 2612 2498 2684 L’origine
2533 2611 2593 2667 di
2626 2609 2880 2666 Frascati
2914 2627 2946 2666 e
2980 2610 3039 2666 la
3074 2610 3412 2666 distruzione

526 2700 619 2756 del
656 2699 894 2755 Tuscolo
930 2700 1130 2770 (Roma
1157 2701 1327 2771 1891).
1352 2732 1419 2742 —
1445 2700 1601 2756 Dom.
1637 2699 1967 2772 Seghetti
2003 2698 2267 2756 Memoris
2303 2698 2548 2755 storiche
2583 2697 2643 2753 di
2671 2697 2911 2752 Tuscolo
2934 2697 3126 2753 antico
3161 2714 3193 2752 e
3228 2713 3412 2751 nuovo

529 2786 728 2855 (Roma
766 2787 939 2855 1891).

1476 2976 1946 3063 Episcopatus
1992 2976 2458 3045 Tusculanus.

743 3138 1233 3203 Tusculanensis
1290 3139 1627 3222 episcopus
1670 3139 1838 3203 inter
1883 3140 2221 3223 episcopos
2266 3137 2624 3204 cardinales
2668 3138 2733 3204 S.
2780 3139 2860 3204 R.
2900 3137 2974 3202 E.
3022 3139 3234 3203 locum
3293 3137 3409 3202 ob-

531 3241 796 3307 tinebat.
910 3241 1148 3306 Sedem
1203 3243 1641 3327 episcopalem
1702 3243 1854 3307 olim
1925 3242 2098 3328 apud
2163 3242 2540 3308 Frascatum
2611 3244 3020 3307 constitutam
3086 3241 3413 3307 contendit

524 3345 807 3431 Ughelli,
853 3346 969 3411 sed
1014 3347 1226 3431 potius
1271 3347 1334 3410 in
1365 3347 1504 3411 vico
1539 3368 1598 3431 q.
1634 3345 1694 3414 d.
1740 3346 2121 3412 Labicum
2167 3347 2383 3425 fuisse,
2430 3345 2731 3432 gravibus
2776 3346 3173 3412 demonstrat
3216 3366 3408 3430 argu-

524 3450 755 3514 mentis
798 3450 875 3514 L.
921 3448 1265 3515 Duchesne
1310 3448 1481 3534 (Lib.
1527 3450 1753 3535 pontif.
1800 3450 1869 3513 ΙῙ
1922 3454 2040 3515 136
2094 3456 2223 3514 not.
2259 3453 2341 3514 26
2401 3457 2468 3515 et
2527 3473 2590 3535 p.
2638 3454 2760 3516 307
2818 3457 2949 3516 not.
2994 3449 3123 3535 20).
3212 3448 3408 3514 Labi-

527 3575 832 3619 canenses
896 3556 1064 3619 enim
1133 3555 1469 3638 episcopos
1535 3553 1684 3619 inde
1746 3575 1784 3619 a
1839 3575 2006 3620 saec.
2049 3554 2218 3618 VIII
2272 3575 2474 3639 usque
2531 3553 2615 3618 ad
2677 3575 2844 3621 saec.
2889 3554 2989 3618 XI
3054 3555 3410 3619 invenimus

523 3660 913 3741 nominatos,
969 3658 1083 3723 sed
1136 3657 1380 3722 nullum
1432 3658 1619 3723 huius
1675 3660 1905 3723 aetatis
1950 3658 2406 3723 documentum
2455 3680 2539 3723 ex
2592 3678 2813 3722 eorum
2859 3657 3117 3722 archivo
3164 3657 3248 3722 ad
3293 3679 3410 3722 nos

523 3763 834 3846 pervenit.
901 3761 1003 3826 De
1033 3761 1274 3826 Labico
1308 3764 1572 3847 eiusque
1604 3764 1920 3847 episcopis
1965 3764 2047 3827 cf.
2078 3761 2340 3846 Ughelli
2390 3762 2417 3802 ²
2448 3763 2552 3827 X·
2586 3765 2738 3837 119;
2789 3760 3013 3848 Giorgi
3057 3762 3226 3826 Diss.
3260 3762 3407 3826 hist.

526 3865 606 3930 de
651 3865 959 3930 cathedra
1005 3866 1352 3951 episcopali
1385 3865 1602 3931 Setiae
1633 3889 1696 3951 p.
1735 3868 1811 3931 16
1844 3887 1974 3950 sq.;
2018 3866 2246 3931 Franc.
2278 3865 2577 3930 Ficoroni
2622 3866 2718 3930 Le
2749 3866 3058 3931 memorie
3105 3867 3407 3931 ritrovate

458 4051 465 4056 ·
524 3969 630 4033 nel
676 3970 994 4034 territorio
1042 3968 1215 4034 della
1260 3971 1464 4055 prima
1510 3991 1546 4035 e
1578 3969 1854 4035 seconda
1902 3971 2056 4034 citta
2102 3969 2168 4032 di
2201 3969 2454 4059 Labico
2492 3970 2517 4009 ¹
2549 3968 2787 4055 (Roma
2838 3967 3062 4053 1745);
3113 3968 3140 4008 ²
3170 3968 3409 4053 (Roma

532 4072 751 4158 1748);
797 4072 1023 4137 Franc.
1057 4074 1207 4139 Ant.
1240 4073 1456 4139 Vitale
1502 4073 1602 4138 De
1650 4073 1887 4158 oppido
1920 4072 2145 4138 Labici
2191 4073 2552 4138 dissertatio
2595 4072 2872 4158 (Romae
2910 4072 3130 4157 1778);
3177 4073 3408 4138 Berta-

524 4176 664 4242 relli
696 4177 959 4241 Intorno
989 4177 1246 4241 l’antico
1294 4197 1329 4241 e
1361 4198 1570 4241 nuovo
1602 4176 1844 4242 Labico
1886 4175 2128 4260 (Roma
2165 4178 2386 4262 1845);
2431 4175 2645 4260 Nibby
2676 4178 2925 4241 Analisi
2961 4177 2988 4216 ²
3017 4176 3086 4239 Π
3141 4182 3255 4242 157
3278 4199 3406 4262 sq.;

524 4279 912 4346 Tomassetti
981 4282 1046 4344 in
1105 4281 1300 4345 Arch.
1365 4280 1539 4347 della
1594 4280 1737 4345 Soc.
1791 4281 1980 4346 Rom.
2035 4280 2230 4345 XXV
2289 4278 2516 4365 (1902)
2584 4283 2665 4344 94
2704 4302 2830 4366 sq.;
2893 4279 3124 4345 XXVI
3179 4279 3407 4367 (1903)

532 4389 649 4449 165
683 4406 776 4469 sq.
854 4385 1133 4449 Ultimus
1163 4385 1629 4470 episcoporum,
1678 4386 1785 4470 qui
1829 4384 2428 4450 Labicanenses
2474 4384 2784 4470 appellati
2830 4392 2993 4469 sunt,
3040 4385 3220 4450 Bovo
3267 4384 3407 4468 fuit,

525 4489 625 4552 cui
664 4488 998 4554 Paschalis
1043 4488 1112 4553 II
1156 4488 1236 4554 ab
1284 4488 1459 4554 Urbe
1507 4488 1841 4554 discedens
1887 4489 2305 4554 ecclesiarum
2352 4509 2567 4553 curam
2613 4489 2932 4554 commisit
2975 4487 3146 4574 (Lib.
3180 4491 3404 4574 pontif.

524 4592 624 4656 ed.
683 4593 1025 4658 Duchesne
1082 4592 1152 4657 II
1206 4591 1398 4678 299);
1462 4599 1689 4678 postea
1743 4593 2079 4678 episcopos
2139 4593 2646 4658 Tusculanenses
2712 4614 2970 4678 semper
3027 4595 3402 4659 invenimus.

525 4698 800 4762 Civitate
867 4717 1018 4763 vero
1088 4697 1449 4762 Tusculana
1527 4720 1584 4762 a.
1650 4702 1802 4762 1191
1884 4720 1923 4762 a
1986 4697 2298 4762 Romanis
2371 4696 2654 4760 funditus
2729 4717 2980 4781 eversa,
3065 4699 3404 4783 episcopus

524 4800 1014 4865 Tusculanensis
1076 4800 1296 4865 sedem
1359 4801 1584 4866 habuit
1646 4802 1711 4864 in
1793 4800 2033 4885 oppido
2099 4799 2486 4882 Frascati‚
2554 4801 2727 4885 quod
2786 4802 3063 4884 primum
3130 4803 3194 4865 in
3250 4803 3405 4868 Vita

521 4905 759 4970 Leonis
790 4904 887 4968 IV
931 4910 1356 4968 memoratum
1397 4905 1689 4989 legimus.
1754 4904 1995 4969 Paulus
2024 4904 2131 4968 III
2163 4904 2437 4989 denique
2482 4924 2541 4968 a.
2581 4908 2740 4969 1537
2776 4903 3084 4990 oppidum
3114 4904 3402 4969 Frascati

523 5009 588 5072 in
632 5009 976 5093 civitatem,
1023 5014 1090 5073 et
1132 5006 1566 5093 parochialem
1612 5006 1675 5071 b.
1720 5006 1966 5072 Mariae
2014 5008 2352 5072 ecclesiam
2403 5007 2556 5071 dicti
2599 5007 2820 5092 oppidi
2864 5009 2929 5071 in
2961 5007 3401 5072 cathedralem

525 5112 763 5195 erexit,
819 5133 1011 5197 quam
1070 5112 1530 5176 institutionem
1587 5109 1805 5175 Sixtus
1841 5110 1905 5176 V
1950 5132 2010 5176 a.
2063 5114 2224 5176 1586
2271 5110 2694 5193 confirmavit,
2749 5116 2821 5174 ut
2873 5110 2940 5174 in
2996 5109 3172 5175 bulla
3230 5109 3401 5195 apud

522 5215 785 5301 Ughelli
833 5217 858 5256 ¹
890 5215 922 5280 I
966 5219 1125 5293 2613
1187 5214 1214 5254 ²
1244 5214 1278 5278 Ι
1322 5217 1468 5279 227.
