4055 6069
680 443 799 510 194
1997 444 2238 504 Latium.

1626 774 2142 842 nonasterium
2188 792 2246 844 s.
2292 775 2610 863 Georgii.

894 929 1403 997 celeberrimum
1461 931 1627 996 inter
1683 931 2017 997 Hortanae
2079 932 2394 999 dioecesis
2445 937 2836 1001 monasteria
2888 935 3009 1001 fuit
3064 958 3114 1000 s.
3156 938 3557 1003 Iuvenalis

671 1038 1163 1121 monasterium,
1224 1036 1397 1122 quod
1440 1036 1793 1101 Belisarius
1852 1039 2158 1121 patricius
2212 1040 2278 1102 in
2333 1039 2438 1103 via
2481 1039 2802 1104 Flaminia
2856 1042 3036 1104 iuxta
3079 1039 3356 1106 Hortam
3403 1064 3554 1108 oon·

675 1140 857 1222 didit,
923 1146 995 1204 ut
1059 1147 1279 1205 narrat
1342 1147 1567 1205 auctor
1620 1140 1814 1205 Vitae
1870 1140 2095 1225 vigilii
2171 1140 2342 1224 (Lib.
2421 1143 2645 1226 pontif.
2717 1142 2818 1207 ed.
2886 1143 3231 1209 Duohesne
3297 1146 3331 1210 I
3397 1149 3556 1223 296;

671 1243 1032 1308 Mommsen
1080 1265 1141 1328 p.
1181 1242 1352 1330 149).
1442 1243 1572 1309 Sed
1618 1246 1947 1329 perierunt
1975 1252 2390 1311 monumenta
2433 1246 2621 1310 huius
2650 1248 3042 1331 monasterii,
3089 1248 3262 1334 quod
3293 1270 3459 1315 saec.
3492 1250 3558 1315 X

674 1347 840 1411 inter
869 1348 1308 1432 possessiones
1330 1348 1793 1412 monachorum
1823 1369 1872 1411 s.
1897 1347 2188 1413 Silvestri
2218 1349 2300 1415 de
2324 1349 2502 1415 Urbe
2533 1350 2595 1414 in
2620 1350 2886 1435 Agapiti
2911 1350 2981 1414 II
3013 1358 3080 1416 et
3100 1352 3406 1417 Iohannis
3425 1353 3558 1418 XII

672 1450 1023 1536 privilegiis
1067 1448 1216 1535 (JL.
1266 1455 1453 1517 3669.
1503 1450 1701 1537 3692)
1748 1458 2160 1517 memoratur.

886 1555 1184 1620 Alterum
1214 1556 1671 1620 monasterium
1717 1555 1833 1619 sub
1877 1556 2137 1621 nomine
2169 1580 2219 1621 s.
2252 1555 2574 1642 Georgii
2619 1557 2961 1624 adnotatur
3003 1561 3070 1623 in
3108 1560 3330 1625 Ceneii
3359 1559 3554 1624 Libro

673 1679 980 1724 censuum
1026 1657 1089 1723 S.
1123 1658 1202 1723 R.
1235 1659 1310 1723 E.
1359 1657 1490 1747 (ed.
1535 1658 2129 1725 Fabre·Duehesne
2173 1661 2208 1724 Ι
2253 1661 2393 1746 54):

807 1780 1332 1866 „Monasterium'
1367 1784 1568 1847 saneti
1625 1781 1891 1867 Georgii
1940 1782 2343 1847 dominarum
2386 1784 2773 1849 inclusarum
2819 1785 2852 1849 I
2896 1784 3128 1851 libram
3173 1784 3420 1852 oerae.“

673 1900 804 1967 Sed
848 1902 1025 1987 prius
1056 1901 1330 1968 eeclesia
1360 1902 1608 1968 exstitit
1637 1925 1686 1967 s.
1719 1901 2005 1988 Georgii,
2054 1923 2247 1988 quam
2276 1903 2650 1968 recordatur
2678 1903 2995 1969 Hadriani
3026 1904 3122 1971 IV
3152 1906 3556 1991 privilegium

670 2028 787 2091 pro
851 2006 1172 2071 canonicis
1224 2005 1559 2071 Hortanae
1620 2007 1966 2093 ecelesiae,
2033 2014 2262 2093 postea
2327 2009 2394 2071 in
2454 2010 2913 2074 monasterium
2977 2011 3350 2076 monialium
3418 2009 3554 2074 ord.

672 2132 721 2174 s.
756 2109 1058 2201 Damiani
1103 2130 1410 2174 conversa
1456 2117 1523 2175 et
1567 2132 1623 2175 a.
1678 2114 1839 2175 1442
1894 2112 2075 2176 unita
2117 2131 2378 2176 mensae
2427 2111 2778 2196 episcopali
2823 2111 3157 2179 Hortanae
3203 2112 3312 2198 (ef.
3344 2112 3557 2178 Lubin

673 2212 943 2299 p.171)

672 2389 713 2448 1
2703 2386 3023 2453 Laterano
3068 2389 3240 2453 1197
3280 2388 3394 2453 iul.
3429 2393 3468 2453 1

672 2490 1128 2556 Gelestinus
1172 2490 1279 2554 III
1338 2489 1652 2555 universis
1707 2489 1945 2556 Christi
1998 2490 2296 2556 fidelibus
2342 2497 2491 2555 ete:
2561 2497 2780 2577 rogat,
2854 2499 3168 2577 quatenus
3235 2493 3557 2557 canonicis

674 2594 954 2680 Ortanis‚
1003 2594 1342 2660 ecelesiam
1387 2616 1436 2658 s.
1472 2592 1736 2679 Georgii
1781 2614 2087 2680 reparare
2132 2593 2630 2678 intendentibus,
2676 2594 2988 2662 beneficia
3031 2599 3380 2682 porrigant.

1050 2723 1103 2761 v.
1137 2704 1286 2760 Ecol.
1325 2704 1574 2761 cathedr.
1609 2723 1663 2760 n.
1687 2706 1738 2759 4.

1950 2980 2300 3053 Sor-lano-

1756 3101 2097 3172 (Surianum.
2156 3103 2475 3174 Serianum)

875 3242 940 3299 G.
962 3241 1215 3299 Marini
1250 3241 1515 3299 Memoris
1551 3241 1815 3298 istoriehe
1851 3242 2002 3299 della
2036 3245 2188 3299 terra
2224 3241 2283 3297 di
2306 3241 2537 3299 Sol-iano
2569 3242 2725 3300 nella
2754 3241 3050 3314 provincia
3073 3243 3164 3300 del
3189 3242 3554 3309 Patrimonio,

669 3349 712 3386 s.
735 3328 938 3395 XVIII,
963 3329 1083 3385 cod.
1106 3329 1235 3385 vat.
1264 3329 1366 3384 lat.
1384 3329 1525 3385 9114
1556 3329 1592 3383 f.
1620 3330 1722 3385 229
1741 3347 1821 3399 sq.
1858 3360 1927 3369 —
1963 3328 2214 3384 Moroni
2243 3329 2554 3385 Dizionario
2581 3328 2784 3384 LXVII
2809 3330 2910 3384 229
2929 3347 3011 3399 sq.
3049 3361 3117 3370 —
3151 3331 3217 3386 A.
3241 3330 3558 3385 Ferruzzi

670 3416 903 3473 Soriano
948 3417 1041 3472 nel
1078 3415 1293 3471 Cimino
1330 3414 1586 3485 (viterbo
1628 3416 1799 3484 1900).
1836 3446 1904 3454 —-
1940 3415 2001 3471 P.
2025 3414 2228 3487 Egidi
2271 3414 2502 3472 Sor-iano
2549 3416 2642 3471 nel
2680 3414 2897 3471 Cimino
2933 3433 2964 3471 e
3000 3415 3293 3472 l'arehivio
3328 3434 3427 3471 suo
3464 3416 3553 3471 in:

669 3503 835 3560 Arch.
873 3503 1025 3560 della
1060 3502 1179 3558 Soc.
1215 3502 1374 3558 Rom.
1411 3501 1596 3557 XXVI
1632 3501 1814 3572 (1903)
1847 3502 1949 3558 381
1969 3520 2051 3572 sq.

884 3660 1182 3727 Castrum
1214 3658 1463 3725 Seriani
1506 3660 1574 3724 in
1600 3658 1960 3725 Innocentii
1989 3659 2090 3724 IV
2131 3659 2470 3745 privilegio
2519 3681 2574 3724 a.
2614 3663 2776 3724 1244
2815 3660 2966 3724 mai.
3001 3665 3038 3724 5
3085 3660 3254 3725 inter
3297 3680 3554 3746 posses-

669 3767 883 3831 siones
912 3764 1286 3831 monasterii
1331 3787 1380 3830 s.
1412 3764 1747 3830 Laurentii
1787 3770 1972 3830 extra
2010 3783 2230 3829 muros
2263 3768 2677 3828 enumeratur
2720 3761 2829 3848 (ef.
2862 3761 3057 3848 Egidi
3098 3786 3162 3850 p.
3198 3767 3322 3830 398
3366 3784 3426 3827 n.
3466 3761 3553 3849 1).

667 3869 983 3936 Notitiam
1038 3876 1286 3954 autem,
1347 3889 1539 3955 quam
1597 3891 1680 3935 ex
1735 3868 2009 3935 bullario
2055 3868 2529 3954 Augustiniano
2586 3865 2916 3931 hausimus
2971 3867 3060 3954 (n.
3099 3869 3194 3954 1),
3251 3868 3553 3933 ficticiam

669 3973 1271 4041 esse'manifestum
1318 3978 1434 4039 est.

668 4146 792 4228 †*1
974 4189 977 4190 f
3053 4144 3466 4227 (1159-81)

666 4249 1117 4316 Alexander
1160 4250 1264 4314 111
1336 4248 1636 4316 concedit
1701 4248 1908 4314 ordini
1961 4250 2376 4315 eremitarum
2432 4272 2481 4313 s.
2528 4248 2872 4334 Augustini
2923 4248 3137 4314 locum
3183 4248 3437 4313 Suriani
3484 4247 3558 4312 in

667 4354 1052 4438 patrimonio
1123 4355 1438 4420 ecelesiae
1505 4355 1674 4420 inter
1735 4361 1987 4420 montes
2046 4353 2378 4439 Cyminos‚
2443 4354 2507 4418 in
2575 4373 2702 4438 quo
2769 4351 2971 4417 frater
3029 4351 3243 4417 Guido
3309 4352 3556 4437 primus

665 4454 1001 4522 habitavit.
3215 4479 3221 4484 ’

875 4573 1059 4632 Laud.
1082 4578 1146 4632 in
1170 4578 1427 4634 Ballou-io
1449 4579 1566 4635 ord.
1590 4579 1816 4635 heroni&
1842 4596 1882 4635 s.
1901 4579 2200 4650 Auyustini
2221 4583 2365 4635 auct.
2387 4577 2562 4633 Laur.
2583 4576 2799 4646 Empols‘
2821 4576 3052 4646 (Romae
3077 4576 3225 4642 1628)
3251 4592 3310 4644 p.
3329 4580 3449 4631 390.
3485 4605 3554 4617 -

669 4661 1060 4734 1ὴῃ.]ι.-.
1454 4700 1457 4703 ,
3429 4693 3434 4696 -

1043 4765 1380 4836 Spurium.
