4055 6069
1157 502 1306 567 Mon.
1342 529 1384 566 s.
1409 503 1662 582 Sepulcri
1699 542 1766 552 —
1803 510 1951 568 Mon.
1985 530 2027 568 s.
2053 504 2266 569 Mariae
2303 513 2373 569 de
2407 504 2835 585 Massapaludis.
3311 511 3438 583 229

555 684 592 724 *
3163 726 3228 737 .-

556 689 765 854 0716111
779 810 919 854 ens
961 788 1068 853 111
1123 788 1517 875 (Wibevius)
1572 790 1769 856 mittit
1819 791 2076 856 nuntios
2134 791 2218 856 ad
2261 790 2595 877 abbatem,
2647 799 2720 857 ut
2771 690 3152 878 apostblliocio
3172 692 3442 860 sefflcggmss

557 894 804 978 spectui
847 900 1236 979 praesentet,
1282 916 1700 980 responsurus
1744 916 1937 981 super
1981 896 2247 982 querela
2291 896 2667 962 clericorum
2711 918 2760 960 s.
2793 895 3079 963 Marcelli
3129 897 3209 962 de
3241 896 3437 962 Urbe.

762 994 942 1050 Laud.
979 996 1059 1052 in.
1093 1013 1150 1052 n.
1175 1003 1224 1052 ε.
1261 1027 1328 1037 -
1368 998 1498 1067 Βῳ.
1533 998 1641 1053 JL.
1685 1029 1762 1053 -.

556 1067 600 1127 8
2574 1069 2896 1136 Laterano
2941 1072 3110 1135 1084
3153 1091 3289 1136 που.
3314 1075 3356 1135 4

559 1166 925 1235 Clemens
968 1169 1076 1235 III
1126 1169 1520 1251 (Wibertus)
1572 1172 1870 1238 fidelibus
1925 1172 2190 1238 Christi:
2250 1172 2464 1238 reddit
2506 1173 2753 1239 clericis
2799 1175 2893 1239 tit.
2941 1197 2989 1240 s.
3022 1176 3312 1241 Marcelli
3359 1175 3439 1241 de

557 1269 735 1337 Urbe
798 1275 1270 1357 possessionem
1329 1276 1707 1341 ecclesiolae
1766 1298 1846 1340 ss.
1892 1275 2167 1342 Cosmae
2223 1283 2291 1342 et
2332 1276 2633 1341 Damiani
2689 1284 2757 1342 et
2801 1279 3081 1343 omnium
3126 1279 3441 1345 bonorum

558 1377 694 1440 eius
761 1377 846 1442 ad
898 1400 1083 1443 usum
1147 1385 1214 1445 et
1269 1379 1604 1464 salarium,
1671 1380 1850 1446 salva
1909 1387 2126 1446 tamen
2184 1379 2437 1445 abbatis
2492 1403 2541 1445 s.
2576 1379 2896 1466 Sepulcri,
2966 1384 3221 1447 tertium
3290 1403 3440 1447 con-

558 1483 847 1568 tumacis,
893 1484 1159 1568 querela
1202 1485 1369 1549 intra
1413 1486 1770 1570 praesentis
1815 1487 1963 1550 anni
2009 1486 2306 1570 spatium.

936 1604 987 1640 v.
1026 1585 1219 1650 Roma,
1254 1585 1401 1641 Eccl.
1439 1605 1482 1641 s.
1506 1584 1764 1642 Marcelli
1799 1585 1858 1640 in
1898 1584 2005 1640 Via
2040 1584 2162 1642 lata
2196 1604 2250 1640 n.
2279 1586 2359 1641 16.

557 1651 640 1714 *9
2953 1661 3359 1740 (1130-43)

556 1755 1054 1824 Innocentius
1099 1758 1168 1822 II
1214 1759 1511 1825 concedit
1554 1759 1958 1846 privilegium
2003 1759 2439 1845 protectionis.

763 1859 948 1916 Laud.
983 1862 1046 1915 in
1077 1878 1135 1917 η.
1164 1871 1235 1918 11.
1275 1894 1339 1903 -
1377 1862 1511 1934 περ.
1549 1862 1656 1919 JL.
1690 1894 1776 1919 -.

555 1928 679 1992 *1ο
2954 1936 3157 2017 (1143
3173 1939 3357 2019 -44)

556 2032 1001 2100 Celestinus
1044 2035 1115 2100 Π
1161 2036 1454 2103 concedit
1498 2038 1904 2124 privilegium
1951 2038 2385 2123 protectionis.

766 2137 946 2193 Laud.
981 2138 1045 2193 in
1078 2156 1133 2194 n.
1160 2149 1234 2194 11.
1272 2170 1337 2181 -·
1373 2139 1504 2211 Ray.
1541 2140 1656 2198 JL.
1693 2171 1776 2197 —.
2571 2134 2584 2150 ὀ

561 2210 646 2269 11
2507 2210 2831 2277 Laterano
2878 2213 3044 2274 1144
3088 2211 3238 2277 ηιαί.
3269 2215 3356 2277 21

558 2312 839 2377 Lucius
883 2314 954 2377 H
1004 2313 1288 2381 Radulfo
1334 2314 1555 2381 abbati
1599 2323 1753 2382 etc.:
1809 2317 2124 2402 praecipit
2175 2316 2471 2381 adnotari
2516 2314 2907 2380 decisionem
2952 2318 3442 2401 controversiae,

559 2436 726 2500 quae
772 2416 853 2481 de
899 2416 1295 2485 subiectione
1343 2426 1475 2484 tam
1521 2419 1789 2485 fratrum
1835 2441 2030 2506 quam
2077 2421 2204 2484 loci
2235 2417 2746 2503 Massaepaludis
2790 2419 2956 2483 inter
2985 2421 3442 2485 monasterium

559 2539 608 2583 s.
643 2517 935 2603 Sepulcri
982 2527 1048 2586 et
1091 2519 1324 2587 fratres
1353 2521 1864 2607 Massaepaludis
1909 2523 2146 2588 diutius
2188 2524 2433 2608 agitata
2478 2528 2594 2604 est,
2640 2523 2804 2587 sicut
2848 2524 2912 2585 in
2944 2524 3119 2588 curia
3149 2522 3444 2589 Romana

561 2643 645 2687 ex
707 2622 1013 2688 mandato
1082 2647 1195 2690 suo
1248 2647 1369 2711 per
1425 2627 1834 2693 concordiam
1901 2629 2244 2694 terminata
2311 2632 2428 2692 est.
2539 2627 2893 2691 Praeterea
2958 2626 3039 2690 ad
3110 2627 3446 2711 exemplar

558 2725 917 2792 Innocentii
972 2728 1066 2811 (n.
1109 2730 1180 2806 9)
1247 2737 1314 2794 et
1367 2730 1675 2797 Celestini
1744 2733 1836 2814 (n.
1879 2734 1993 2816 10)
2061 2731 2270 2795 locum
2338 2731 2548 2814 ipsum
2608 2729 2725 2793 sub
2784 2735 2988 2813 apost.
3043 2732 3443 2814 protectione

561 2832 843 2916 suscipit.
889 2872 974 2880 -—
1018 2831 1262 2898 Rerum
1320 2841 1646 2919 gestarum
1694 2837 1912 2901 series.
2001 2835 2151 2900 Dat.
2198 2835 2340 2899 Lat.
2387 2855 2449 2918 p.
2496 2855 2582 2898 m.
2629 2833 2901 2898 Baronis
2946 2832 3009 2897 S.
3049 2832 3129 2897 R.
3169 2833 3245 2897 Ε.
3293 2833 3441 2898 sub-

560 2933 745 3020 diac.,
797 2937 874 3000 12
905 2935 1037 3001 kal.
1083 2938 1234 3022 iun.,
1279 2938 1409 3003 ind.
1446 2944 1505 3023 7,
1551 2941 1671 3004 inc.
1720 2939 1780 3004 d.
1827 2960 1885 3004 a.
1928 2943 2112 3023 1144,
2156 2946 2332 3023 pont.
2377 2958 2435 3001 v,
2485 2937 2545 3001 d.
2592 2938 2775 3001 Lucii
2818 2959 2926 3022 pp.
2959 2937 3029 3000 II
3075 2958 3131 3001 a.
3174 2942 3225 3002 1.

762 3038 820 3095 Β
863 3039 909 3105 t·-
935 3042 1061 3094 ιη’.
1127 3039 1251 3112 [0].
1302 3070 1362 3082 -
1411 3040 1556 3096 Εαα.
1607 3040 1779 3097 Fumi
1816 3040 1943 3096 σοα.
1980 3040 2112 3110 dipl.
2148 3040 2422 3095 a’orveeto
2461 3047 2648 3110 p.109
2683 3039 2757 3094 aa
2797 3058 2854 3095 n.
2885 3047 2972 3096 169
3018 3062 3084 3086 =
3138 3039 3445 3095 emmane

548 3141 607 3194 p.
634 3133 731 3180 194
764 3143 821 3182 n.
848 3135 897 3181 4.
936 3155 1001 3166 —-
1039 3126 1177 3200 Req.
1204 3128 1313 3185 JL.
1341 3134 1491 3183 8618.

556 3231 684 3297 *12
2946 3234 3150 3315 (1147
3191 3233 3357 3316 ian.)

557 3336 949 3423 Eugenius
992 3337 1099 3402 ΠΙ
1143 3344 1476 3404 consecrat
1519 3337 1857 3403 ecclesiam
1904 3359 1953 3402 s.
1986 3336 2297 3422 Sepulcri.

765 3439 946 3496 Laud.
981 3440 1044 3494 in
1071 3457 1325 3510 processu
1361 3458 1414 3497 a.
1438 3447 1568 3497 1194
1603 3439 1703 3511 (ed.
1748 3439 1920 3494 Fumi
1953 3440 1988 3496 l.
2020 3457 2066 3495 c.
2093 3456 2154 3509 p.
2179 3448 2246 3496 42
2278 3445 2327 3495 et
2352 3454 2413 3509 p.
2436 3442 2544 3509 44).
2585 3469 2645 3481 —
2689 3439 2818 3511 Req.
2854 3439 2962 3494 JL.
3001 3469 3084 3494 -.

1190 3631 1706 3699 nonasterium
1751 3648 1810 3698 s.
1841 3631 2108 3699 Mariae
2154 3630 2239 3697 de
2285 3629 2827 3715 nassapaludis.

1611 3735 1979 3805 (Marzapalo.
2037 3734 2393 3805 Mazzapalo)

772 3839 1065 3906 Ecclesia
1110 3863 1159 3905 s.
1192 3841 1437 3907 Mariae
1483 3842 1971 3927 Mazapalensis,
2017 3842 2228 3926 posita
2272 3842 2338 3905 in
2382 3841 2691 3906 comitatu
2733 3839 3146 3905 Urbevetano
3192 3840 3257 3904 in
3300 3841 3444 3905 loco

553 3943 1146 4030 Aquaependentis,
1192 3945 1491 4010 laudatur
1532 3946 1599 4009 in
1645 3945 1880 4010 chartis
1925 3945 2354 4011 Urbevetanis
2385 3966 2442 4009 a.
2484 3946 2645 4010 1072
2696 3950 2762 4009 et
2807 3965 2865 4008 a.
2905 3947 3065 4008 1113
3112 3941 3224 4028 (cf.
3254 3943 3445 4036 Eumi

560 4045 718 4111 Ood.
749 4046 903 4132 drpl.
938 4046 1270 4114 d'Orvieto
1303 4071 1366 4134 p.
1401 4054 1440 4115 6
1470 4071 1532 4113 n.
1567 4052 1605 4114 8
1638 4054 1705 4114 et
1735 4070 1799 4133 p.
1833 4052 1872 4113 9
1903 4071 1965 4113 n.
2004 4048 2132 4132 13).
2200 4048 2681 4132 Monasterium,
2727 4049 3026 4132 primum,
3071 4054 3145 4111 ut
3172 4046 3445 4132 videtur,

559 4150 695 4215 ord.
768 4174 817 4216 s.
877 4151 1243 4232 Benedicti,
1323 4152 1557 4218 deinde
1629 4154 2041 4218 eremitarum
2103 4174 2153 4215 s.
2186 4151 2523 4216 Wilhelmi
2586 4151 2721 4216 ord.
2780 4173 2829 4215 s.
2874 4151 3248 4236 Augustini,
3327 4150 3449 4216 fuit

558 4254 916 4320 subiectum
975 4255 1194 4322 abbati
1254 4278 1305 4324 s.
1347 4255 1639 4341 Sepulcri
1695 4255 2273 4341 Aquaependentis
2326 4255 2415 4341 (n.
2455 4254 2539 4340 1),
2598 4261 2828 4340 postea
2887 4255 3189 4339 episcopo
3235 4254 3445 4320 Urbe-

556 4366 810 4425 vetano.
917 4358 1279 4446 Gregorius
1322 4361 1422 4426 IX
1475 4381 1763 4426 eremum
1819 4360 1900 4426 de
1946 4359 2320 4445 Mazapalu‚
2374 4362 2441 4423 in
2495 4358 2956 4444 temporalibus
3008 4365 3076 4423 et
3139 4359 3207 4422 in
3260 4359 3445 4444 spiri·

558 4461 839 4528 tualibus
894 4463 1352 4550 deformatam,
1407 4464 1714 4531 Rainerio
1774 4486 1822 4527 s.
1856 4464 2101 4529 Mariae
2169 4465 2234 4527 in
2299 4462 2644 4528 Cosmedin
2710 4462 2874 4528 diac.
2943 4462 3115 4528 card.
3186 4484 3243 4528 a.
3283 4465 3445 4528 1238

558 4589 704 4653 aug.
743 4573 812 4632 11
867 4566 1344 4633 reformandam
1389 4570 1709 4634 commisit
1754 4568 1863 4654 (cf.
1909 4568 2100 4632 Fumi
2144 4567 2186 4631 l.
2220 4589 2272 4632 c.
2320 4589 2383 4652 p.
2422 4572 2542 4632 110
2590 4574 2656 4632 et
2698 4590 2761 4652 p.
2803 4569 2920 4633 159
2966 4585 3026 4631 η’.
3059 4566 3234 4650 237).

771 4705 873 4771 De
920 4706 1179 4772 archivo
1223 4707 1464 4773 nullam
1512 4709 1807 4773 notitiam
1852 4707 2184 4772 habemus.
2871 4735 2878 4748 v

560 4814 600 4873 1
2514 4810 2837 4874 Laterano
2882 4811 3050 4871 1144
3093 4807 3243 4871 mai.
3274 4808 3360 4869 21

557 4917 839 4981 Lucius
883 4915 952 4979 Π
1019 4916 1354 4980 confirmat
1421 4917 1830 4981 concordiam
1890 4917 2059 4981 inter
2119 4915 2349 4981 fratres
2407 4913 2919 4998 Massaepaludis
2973 4919 3039 4977 et
3093 4909 3444 4975 Radulfum

558 5018 859 5085 abbatem
928 5042 977 5085 s.
1011 5018 1303 5105 Sepulcri
1356 5018 1931 5105 Aquaependentis
1999 5018 2081 5083 de
2145 5038 2368 5082 eorum
2420 5017 2674 5102 locique
2729 5016 3123 5081 subiectione
3187 5014 3444 5099 factam,

556 5123 648 5188 ita
693 5143 869 5209 sane,
914 5131 986 5189 ut
1030 5123 1260 5189 fratres
1303 5123 1507 5190 libere
1552 5123 1673 5187 sibi
1719 5124 2000 5209 priorem
2047 5122 2291 5207 eligant
2336 5129 2459 5187 etc.

935 5245 983 5282 v.
1022 5227 1477 5298 Aequapendete‚
1513 5227 1664 5282 Mon.
1700 5245 1743 5281 s.
1771 5224 2027 5296 Sepulcri
2065 5243 2118 5280 n.
2147 5225 2226 5279 11.

656 5400 839 5455 Kohr,
869 5399 1001 5444 naua
1024 5401 1254 5457 pontificia
1280 5400 1336 5444 11.
1702 5368 2318 5379 ——ss
3071 5375 3138 5430 16
