4055 6069
1574 502 1945 575 Episcopatus
1981 504 2325 562 Tiburtinus.
2916 588 2921 595 ἱ
3309 511 3388 575 77

510 683 552 741 7
2771 682 2899 745 973
2920 680 3016 764 (ἓ)
3061 682 3187 747 dec.
3219 684 3305 747 21

509 781 988 847 Benedictus
1019 782 1217 869 VI(?)
1265 783 1534 848 Iohanni
1566 805 1666 868 ep.
1701 790 1857 849 etc.:
1907 785 2241 850 confirmat
2270 806 2492 849 omnes
2535 807 2638 850 res
2670 786 2979 870 episcopii
3025 793 3091 850 et
3135 792 3392 851 cunctas

509 884 735 970 plebes
791 907 905 951 seu
952 888 1258 961 ecclesias
1311 893 1504 972 atque
1562 890 1971 971 monasteria,
2031 895 2096 954 et
2153 889 2445 954 concedit
2500 890 2821 954 licentiam
2882 890 3282 974 ingrediendi
3328 896 3394 955 et

510 990 884 1075 egregiendi
942 1012 1059 1076 per
1125 999 1387 1077 pontem
1456 1014 1516 1077 q.
1563 1013 1620 1055 v,
1681 993 1943 1057 Lucanu
2010 992 2253 1078 absque
2321 995 2493 1058 omni
2553 993 2839 1077 datione,
2907 993 3260 1058 districtum
3328 1000 3394 1059 et

511 1095 750 1178 placita
796 1095 878 1160 de
925 1095 1216 1160 omnibus
1262 1096 1666 1161 monasteriis
1711 1098 1845 1162 sive
1901 1097 2189 1163 ecclesiis
2230 1099 2570 1183 episcopii,
2630 1103 2696 1162 et
2746 1098 3079 1162 confirmat
3137 1117 3391 1162 omnem

511 1199 647 1262 eius
693 1199 1238 1265 consuetudinem.
1279 1237 1362 1247 —
1395 1200 1557 1265 Cum
1603 1221 1838 1284 magna
1871 1200 2074 1265 nobis.
2145 1201 2277 1265 Sor.
2311 1223 2373 1287 p.
2405 1224 2488 1266 m.
2535 1202 2839 1266 Iohannis
2869 1203 3053 1266 scrin.
3088 1200 3150 1266 S.
3183 1200 3263 1266 R.
3296 1199 3392 1284 E„

510 1303 574 1366 in
628 1324 712 1367 m.
773 1303 909 1368 dec.
968 1310 1033 1370 et
1086 1304 1214 1369 ind.
1262 1308 1320 1368 2.
1411 1304 1560 1369 Dat.
1629 1308 1706 1368 12
1747 1304 1876 1369 kal.
1930 1307 2056 1370 ian.
2103 1328 2165 1390 p.
2226 1327 2310 1370 m.
2397 1306 2700 1370 Iohannis
2752 1327 2853 1391 ep.
2908 1329 2956 1369 s.
3006 1307 3392 1370 Lavicanen.

510 1407 664 1471 eccl.
715 1414 779 1473 et
825 1389 974 1473 bibl.
1009 1430 1057 1472 s.
1091 1415 1295 1493 apost.
1341 1408 1534 1493 sedis,
1581 1430 1638 1473 a.
1671 1409 1814 1474 Deo
1862 1431 2044 1494 prop.
2093 1415 2268 1494 pont.
2303 1410 2362 1474 d.
2395 1409 2732 1475 Benedicti
2777 1432 2856 1475 ss.
2890 1416 3065 1494 pont.
3113 1416 3179 1474 et
3222 1410 3391 1473 univ.

508 1510 650 1573 IIII
679 1532 786 1595 pp.
834 1512 898 1575 in
944 1533 1102 1578 sacr.
1148 1513 1301 1579 sede
1348 1512 1408 1577 b.
1441 1513 1622 1578 Petri
1667 1520 1871 1596 apost.
1908 1520 1966 1597 7,
2012 1515 2165 1598 imp.
2213 1514 2273 1578 d.
2320 1516 2493 1599 piiss.
2541 1537 2647 1599 pp.
2696 1536 2840 1600 aug.
2891 1515 3129 1579 Ottone
3175 1534 3214 1578 a
3244 1512 3388 1578 Deo

509 1635 635 1678 cor.
683 1635 915 1700 magno
962 1622 1029 1681 et
1072 1617 1261 1701 pacis.
1308 1618 1460 1701 imp.
1507 1638 1565 1681 a.
1599 1621 1658 1700 5,
1704 1618 1767 1680 in
1812 1638 1896 1681 m.
1945 1617 2082 1683 dec.
2132 1624 2197 1683 et
2240 1618 2369 1683 ind.
2416 1640 2496 1682 ss.
2531 1622 2590 1682 2.

720 1741 767 1796 0
792 1744 836 1808 f·
863 1747 923 1797 ι’.
992 1743 1104 1812 [υι
1138 1745 1182 1811 f.
1221 1752 1322 1799 117.
1393 1744 1475 1798 D²
1509 1745 1555 1812 f.
1581 1745 1732 1815 400].
1777 1775 1845 1784 -
1897 1743 2045 1799 Εαα.
2101 1744 2317 1798 Marini
2353 1745 2486 1814 Pap.
2528 1745 2660 1814 dipl.
2697 1762 2758 1814 p.
2784 1752 2880 1801 229
2912 1761 2977 1799 ιω
3016 1745 3061 1800 0
3093 1767 3158 1791 =
3193 1743 3386 1813 Meque

514 1826 877 1883 CXXXVII
899 1836 999 1885 350
1033 1846 1087 1885 n.
1113 1837 1193 1885 28.
1289 1828 1406 1884 Fea
1445 1846 1506 1898 Ρ.
1531 1838 1602 1885 49
1636 1846 1706 1885 ex
1746 1830 1790 1885 Ο
1828 1829 1902 1884 ad
1935 1848 1985 1884 a.
2023 1837 2133 1885 978.
2228 1831 2444 1884 Bruzza
2472 1848 2529 1899 Ρ.
2558 1837 2626 1885 32
2659 1847 2715 1885 n.
2743 1839 2775 1885 5
2812 1847 2880 1885 ex
2915 1830 2962 1886 0
2991 1831 3065 1885 ad
3100 1850 3152 1887 a.
3178 1838 3289 1886 978.
3325 1860 3392 1870 -

513 1914 672 1984 3099.
719 1915 919 1985 Uqhelli
959 1918 976 1949 ¹
1013 1916 1066 1969 V
1092 1906 1260 1983 1'5425
1312 1920 1335 1951 ²
1359 1917 1395 1971 1
1428 1923 1575 1972 1308.
1652 1917 1994 1972 Giustiniani
2019 1933 2079 1985 Ρ.
2104 1923 2172 1972 37
2204 1915 2278 1970 ad
2313 1934 2364 1972 a.
2394 1924 2505 1972 978.
2566 1904 2911 1972 Cracchiante
2938 1935 2998 1987 Ρ.
3027 1924 3115 1973 82.
3171 1916 3392 1988 Gappel-

511 2003 626 2057 letti
656 2001 746 2057 VI
770 2012 882 2059 660.
953 2003 1108 2058 Pertz
1143 2003 1206 2057 in
1240 2004 1436 2058 Archiv
1473 2003 1594 2058 VII
1622 2011 1691 2059 20
1724 2004 1801 2058 ad
1833 2023 1884 2060 a.
1910 2012 2019 2060 979.
2091 2005 2152 2061 J.
2190 2003 2609 2059 CCCLXXIV.
2662 2004 2769 2059 JL.
2806 2010 2843 2073 †
2869 2010 3007 2061 3793
3038 2003 3116 2058 ad
3148 2021 3199 2057 α.
3226 2011 3334 2057 977.

889 2115 1120 2171 Nullam
1155 2115 1379 2172 invenio
1417 2134 1658 2183 causam,
1697 2134 1794 2172 cur
1827 2116 1970 2173 Jaffe
2006 2120 2068 2173 et
2103 2117 2454 2173 Loewenfeld
2499 2117 2645 2173 hanc
2681 2117 2896 2173 bullam
2933 2116 3109 2173 veluti
3145 2115 3393 2186 spuriam

717 2202 1153 2272 repudiaverint.
1243 2202 1402 2265 Quod
1455 2202 1882 2275 chronologicae
1931 2207 2101 2260 notae
2155 2203 2303 2259 inter
2354 2221 2411 2259 se
2464 2221 2576 2259 non
2621 2205 2979 2273 concordent,
3031 2202 3113 2258 rei
3164 2200 3394 2258 veritati

717 2306 914 2359 parum
949 2289 1146 2355 efficit;
1183 2288 1242 2345 id
1278 2307 1445 2345 unum
1485 2289 1544 2344 in
1582 2289 1814 2345 dubium
1836 2290 2210 2347 revocandum
2245 2294 2346 2357 est,
2382 2293 2568 2347 utrum
2603 2289 2964 2361 privilegium
2985 2287 3291 2344 Benedicto
3315 2287 3393 2342 VI

718 2379 777 2430 et
811 2394 861 2431 a.
881 2375 984 2432 973
1018 2376 1098 2444 (in
1135 2394 1245 2447 quo
1282 2381 1510 2432 currunt
1544 2377 1656 2432 ind.
1681 2377 1715 2430 2
1749 2380 1808 2433 et
1842 2394 1894 2432 a.
1930 2376 2063 2447 imp.
2089 2376 2316 2433 Ottonis
2340 2378 2395 2448 6)
2431 2377 2714 2433 tribuatur
2748 2394 2819 2432 an
2856 2375 3157 2432 Benedicto
3195 2375 3299 2430 VII
3336 2377 3395 2430 et

714 2479 764 2517 a.
790 2463 891 2519 979
929 2462 1051 2532 (qui
1086 2463 1320 2534 praebet
1352 2463 1467 2519 ind.
1493 2463 1543 2529 8,
1580 2479 1630 2518 a.
1659 2462 1793 2532 imp.
1830 2461 2058 2518 Ottonis
2087 2463 2151 2516 12
2186 2465 2246 2519 et
2281 2480 2332 2518 a.
2370 2462 2571 2533 pontif.
2604 2465 2676 2531 6).
2749 2462 2989 2518 Indictio
3025 2479 3113 2517 me
3149 2460 3394 2532 impellit

716 2548 786 2602 ad
815 2565 865 2603 a.
891 2549 1010 2605 973.
1048 2580 1111 2589 -
1152 2549 1232 2604 De
1267 2549 1406 2604 locis
1443 2550 1514 2604 cf.
1539 2548 1842 2605 Stevenson
1878 2554 1933 2603 in
1971 2548 2133 2605 Studi
2171 2566 2201 2604 e
2226 2548 2544 2605 documenti
2579 2549 2603 2602 1
2631 2547 2811 2617 (1880)
2852 2549 2949 2605 110
2972 2566 3055 2616 sq.
3091 2553 3150 2605 et
3189 2549 3394 2604 Bruzza

715 2653 769 2705 p.
799 2637 896 2691 167
921 2654 1002 2705 sq.

507 2795 551 2855 8
2901 2793 3029 2855 993
3072 2791 3190 2870 seb.
3221 2794 3310 2856 23

510 2897 904 2962 Iohannes
947 2897 1075 2963 XV
1121 2946 1185 2963 ..
1235 2920 1336 2983 ep.
1385 2906 1537 2964 etc.:
1585 2900 1918 2964 confirmat
1964 2918 2188 2963 omnes
2233 2918 2336 2962 res
2392 2897 2700 2983 episcopii
2744 2901 2819 2961 ut
2859 2917 3063 2978 supra
3104 2918 3168 2962 n.
3203 2901 3262 2961 7.
3310 2935 3393 2942 —

509 3002 674 3068 Cum
717 3022 955 3087 magna
998 3002 1199 3068 nobis.
1292 3002 1424 3069 Scr.
1471 3025 1534 3089 p.
1581 3025 1665 3069 m.
1714 3002 2025 3089 Stephani
2071 3003 2256 3068 scrin.
2305 3001 2369 3067 S.
2401 3000 2480 3067 R.
2513 3001 2627 3080 E..
2688 3002 2755 3067 in
2809 3023 2894 3067 m.
2942 2999 3103 3085 feb„
3164 2998 3292 3064 ind.
3342 3004 3402 3065 6.

509 3106 659 3172 Dat.
709 3112 744 3172 7
770 3106 900 3172 kal.
934 3114 1118 3173 mart.
1150 3130 1213 3193 p.
1248 3130 1330 3172 m.
1378 3108 1686 3173 Iohannis
1731 3129 1833 3193 ep.
1882 3130 1930 3172 s.
1964 3107 2333 3192 Nepesinae
2380 3107 2535 3172 eccl.
2571 3114 2637 3172 et
2674 3105 2828 3171 bibl.
2875 3129 2925 3171 s.
2971 3104 3143 3169 sedis
3173 3108 3401 3190 apost,

510 3231 567 3275 a.
616 3217 790 3295 pont.
841 3211 900 3276 d.
946 3235 1007 3277 n.
1057 3212 1361 3276 Iohannis
1407 3235 1485 3276 ss.
1519 3212 1647 3278 XV
1691 3234 1798 3297 pp.
1836 3217 1897 3295 6,
1944 3213 2008 3277 in
2054 3231 2273 3277 mense
2321 3218 2388 3276 et
2431 3211 2559 3275 ind.
2607 3233 2688 3275 ss.
2721 3216 2779 3277 6.

722 3339 769 3394 0
794 3340 838 3407 f.
864 3343 958 3396 10¹.
1014 3339 1125 3408 [D⁸
1161 3341 1204 3408 f.
1232 3342 1342 3395 119¹
1382 3347 1432 3395 et
1467 3340 1553 3394 D²
1592 3341 1635 3408 f.
1660 3348 1763 3397 405
1797 3341 1934 3396 Exc.
1970 3340 2075 3411 EJ.
2120 3370 2186 3380 —
2224 3339 2372 3395 Edd.
2415 3339 2534 3396 Fea
2560 3358 2619 3411 Ρ.
2646 3348 2717 3396 49
2752 3341 2888 3394 Exc.
2923 3357 2989 3394 ex
3029 3338 3074 3393 Ο
3104 3337 3179 3391 ad
3214 3354 3264 3392 a.
3292 3343 3403 3391 991.

508 3426 721 3481 Bnoeza
747 3443 808 3497 Ρ.
832 3435 900 3482 42
932 3444 989 3482 n.
1019 3435 1050 3481 7
1078 3443 1146 3482 ex
1182 3427 1230 3482 0
1255 3427 1332 3482 acl
1365 3445 1418 3483 α.
1448 3435 1559 3483 991.
1602 3457 1666 3467 —-
1715 3428 1846 3499 Ray.
1883 3427 1991 3483 JL.
2030 3456 2113 3482 —.

887 3539 1072 3596 Notae
1125 3539 1553 3611 chronologicae
1607 3539 1870 3597 differunt
1914 3540 2063 3596 inter
2113 3558 2204 3606 se,
2259 3539 2395 3610 quia
2447 3558 2592 3596 anno
2628 3541 2731 3597 993
2786 3542 3016 3595 currunt
3050 3538 3162 3593 ind.
3187 3537 3221 3592 6
3258 3539 3316 3591 et
3351 3552 3403 3590 a.

723 3627 924 3697 pontif.
962 3628 1012 3681 8.

515 3785 556 3844 9
2852 3785 3020 3848 1029
3064 3784 3199 3848 iun.
3235 3784 3320 3847 12

514 3888 906 3954 Iohannes
949 3889 1116 3952 XIX
1158 3889 1515 3954 Benedicto
1565 3910 1666 3973 ep.
1720 3895 1875 3955 etc.:
1941 3888 2275 3954 confirmat
2320 3908 2541 3952 omnes
2586 3910 2689 3953 res
2735 3888 3045 3973 episcopii
3089 3891 3164 3951 ut
3204 3907 3407 3971 supra

513 4013 579 4058 n.
612 3997 671 4057 7.
716 3994 777 4056 8.
826 4029 909 4040 -
971 3993 1133 4058 Cum
1201 4014 1438 4079 magna
1503 3994 1707 4059 nobis.
1821 3993 1955 4057 Scr.
2025 4015 2091 4078 p.
2146 4015 2227 4057 m.
2284 3991 2553 4077 Georgii
2608 3998 2739 4061 not.
2795 4012 2929 4075 reg.
2978 3998 3172 4078 atque
3218 3994 3401 4057 scrin.

517 4121 568 4162 s.
617 4105 821 4183 apost.
870 4098 1070 4182 sedis,
1130 4099 1196 4163 in
1240 4121 1325 4163 m.
1374 4100 1588 4164 madio
1646 4105 1712 4166 et
1769 4098 1897 4163 ind.
1947 4121 2029 4163 ss.
2070 4101 2165 4163 12.
2254 4098 2403 4163 Dat.
2452 4101 2490 4161 2
2523 4097 2606 4162 id.
2653 4100 2781 4162 iun.
2828 4119 2890 4183 p.
2937 4118 3021 4161 m.
3068 4096 3406 4162 Benedicti

523 4222 623 4285 ep.
692 4202 997 4269 Portuen.
1069 4211 1135 4268 et
1199 4202 1354 4268 bibl.
1424 4227 1472 4268 s.
1520 4210 1724 4288 apost.
1773 4202 1977 4286 sedis,
2047 4224 2104 4267 a.
2161 4209 2336 4287 pont.
2394 4201 2453 4266 d.
2502 4224 2561 4266 n.
2632 4202 2936 4267 Iohannis
2988 4224 3069 4265 ss.
3116 4206 3292 4285 pont.
3339 4209 3407 4267 et

518 4307 686 4369 univ.
733 4306 898 4370 XIX
942 4328 1072 4392 pp.,
1119 4308 1181 4371 in
1230 4328 1450 4374 mense
1498 4313 1564 4372 et
1606 4307 1734 4372 ind.
1769 4329 1849 4371 ss.
1890 4309 1986 4371 12.

728 4434 841 4501 Cf.
870 4443 945 4491 18.
1000 4434 1119 4506 [1)ι
1155 4435 1331 4501 1·.119’
1368 4440 1416 4490 et
1451 4435 1538 4490 D²
1572 4435 1616 4501 f.
1642 4438 1757 4490 405’
1794 4434 1932 4489 Eoec.
1970 4434 2071 4505 EJ.
2108 4463 2173 4475 -
2211 4431 2315 4488 Ed.
2348 4434 2557 4487 Bruzza
2583 4442 2735 4502 p.59
2768 4450 2824 4488 n.
2844 4442 2902 4488 11
2937 4449 3004 4487 ex
3042 4431 3097 4488 0.
3135 4463 3201 4472 ——
3239 4432 3406 4504 Reqy.

528 4520 726 4590 Uyhelli
766 4524 784 4555 ¹
822 4522 875 4575 V
903 4531 1053 4590 15415
1091 4525 1114 4556 ²
1138 4522 1182 4576 I
1211 4529 1341 4578 1307
1375 4545 1439 4568 =
1482 4521 1824 4576 Giustinicmi
1847 4538 1906 4590 Ρ.
1932 4527 2018 4588 39,
2056 4544 2122 4568 =
2161 4521 2345 4590 Miyne
2382 4520 2578 4575 CXLI
2618 4528 2744 4577 1139
2778 4539 2833 4576 n.
2861 4528 2910 4577 8.
2983 4519 3102 4575 Fea
3140 4537 3200 4588 Ρ.
3226 4527 3297 4573 49
3332 4518 3406 4573 ad

520 4624 570 4662 a.
598 4615 747 4663 1004.
819 4607 1136 4676 cappellani
1170 4608 1258 4662 VI
1284 4614 1397 4662 664.
1450 4607 1504 4664 J.
1540 4615 1682 4664 3106.
1737 4607 1852 4664 JL.
1890 4614 2044 4663 4088.

519 4790 642 4856 *10
2838 4791 3007 4852 1030
3050 4788 3199 4852 mai.
3231 4787 3319 4849 28

518 4896 621 4960 Ex
683 4898 1140 4980 praeceptione
1195 4896 1568 4961 Iohannis
1623 4894 1794 4960 XIX
1847 4895 2172 4960 Iohannes
2238 4915 2340 4979 ep.
2407 4892 2699 4958 concedit
2764 4893 3119 4957 Benedicto
3186 4891 3404 4956 abbati

522 5001 859 5082 Sublacen.
909 5022 1026 5084 per
1071 5000 1522 5084 emphiteusim
1568 4999 1800 5063 fundos
1846 4998 2311 5080 Cantoranum‚
2359 4998 2805 5080 Bulzilianum,
2852 5019 2901 5062 s.
2934 4996 3289 5061 Felicitatis
3337 5002 3403 5060 et

521 5105 877 5170 Maranum.

899 5252 951 5290 v.
986 5232 1240 5300 Subiaco,
1278 5233 1427 5288 Mon.
1464 5250 1505 5288 s.
1543 5230 1839 5288 Benedicti
1878 5235 1936 5287 et
1971 5251 2012 5286 s,
2038 5230 2419 5288 Scholasticae
2454 5248 2507 5285 n.
2531 5230 2615 5287 26.
