4055 6069
653 444 775 510 152
1973 442 2218 500 Latium.
2233 482 2240 487 -

650 620 935 706 eligendi
978 621 1278 705 priorem.
1323 658 1409 668 —
1458 620 1769 696 Quotiens
1813 621 1972 686 illud
2019 643 2077 687 a.
2166 620 2308 708 Ego
2340 620 2715 687 Alexander
2760 617 2880 687 etc.
2947 620 3199 687 Subscr.
3253 624 3329 686 12
3362 619 3533 688 card.

646 724 797 790 Dat.
853 723 1179 791 Ferentin.
1235 748 1297 811 p.
1342 747 1427 789 m.
1518 725 1811 790 Gratiani
1865 725 1927 791 8.
1960 726 2042 791 R.
2082 725 2157 790 E.
2206 725 2487 791 subdiac.
2536 731 2602 790 et
2645 732 2798 807 not.‚
2843 729 2885 791 8
2915 725 3046 791 kal.
3079 733 3263 811 sept.‚
3310 725 3438 791 ind.
3473 730 3533 810 8,

647 832 768 894 inc.
802 829 863 895 d.
898 853 955 896 a.
996 836 1179 915 1175,
1225 837 1402 916 pont.
1434 852 1493 895 V.
1528 830 1882 896 Alexandri
1911 852 2020 916 pp.
2046 831 2152 895 ΠΙ
2197 853 2253 896 a.
2294 835 2390 897 16.

854 944 921 996 A.
960 973 1025 981 —
1065 941 1173 997 Ed.
1200 941 1341 996 θὸτι.
1371 940 1571 996 Nachr.
1598 949 1724 997 1901
1752 959 1810 1010 p.
1837 949 1936 996 222
1968 959 2024 995 n.
2058 950 2087 996 7
2109 959 2177 996 ex
2199 945 2267 996 A.
2293 974 2362 983 —
2387 944 2519 1013 Ray.
2556 943 2810 999 Maroneo
2837 942 2887 996 V
2909 952 2977 999 90
3000 943 3074 997 aa
3093 947 3222 1010 sept.
3243 950 3292 997 8.
3332 940 3533 999 JL.-—.

647 1104 690 1162 3
2687 1098 2939 1166 Velletri
2983 1102 3155 1165 1182
3194 1121 3331 1165 nov.
3361 1103 3448 1165 20

647 1205 932 1269 Lucius
977 1203 1081 1268 111
1126 1204 1435 1270 Flaviano
1482 1206 1679 1290 priori
1726 1211 1873 1270 etc.:
1921 1206 2159 1289 repetit
2201 1204 2558 1271 Alexandri
2602 1204 2707 1269 ΠΙ
2750 1206 3154 1291 privilegium
3200 1206 3294 1288 (n.
3325 1204 3417 1288 2).
3451 1245 3534 1253 —-

648 1306 969 1373 Effectum
1015 1309 1183 1373 iusta
1228 1308 1717 1394 postulantibus.
1806 1308 1949 1394 Ego
1991 1309 2231 1374 Lucius
2277 1317 2398 1375 etc.
2475 1308 2727 1375 Subscr.
2764 1315 2799 1374 7
2833 1309 3003 1375 card.
3077 1308 3229 1376 Dat.
3261 1310 3532 1375 Velletr.

647 1434 709 1496 p.
743 1432 828 1476 m.
875 1410 1129 1476 Alberti
1161 1412 1224 1478 8.
1257 1412 1337 1477 R.
1364 1413 1438 1478 E.
1472 1412 1683 1497 presb.
1719 1412 1890 1478 card.
1925 1420 1993 1479 et
2021 1435 2218 1498 canc.‚
2273 1416 2348 1477 12
2377 1413 2510 1478 kal.
2544 1413 2706 1493 dec.‚
2738 1413 2868 1478 ind.
2906 1419 2961 1495 1,
3003 1414 3123 1477 inc.
3157 1413 3218 1476 d.
3253 1435 3309 1478 a.
3349 1416 3532 1497 1182,

648 1523 826 1601 pont.
873 1537 932 1579 v.
984 1515 1043 1579 d.
1091 1517 1277 1582 Lucii
1321 1539 1426 1602 pp.
1474 1516 1579 1581 ΠΙ
1624 1539 1681 1582 a.
1716 1520 1775 1581 2.

855 1628 927 1681 A.
965 1657 1031 1666 —
1068 1626 1172 1681 Ed.
1209 1626 1351 1682 Gott.
1377 1626 1575 1681 Nachr.
1606 1635 1733 1682 1901
1761 1645 1819 1696 p.
1845 1635 1941 1683 226
1974 1644 2030 1681 n.
2058 1636 2121 1683 10
2154 1644 2221 1682 cx
2246 1629 2315 1683 A.
2341 1658 2408 1668 —
2435 1628 2565 1699 Req.
2591 1626 2849 1682 Marocco
2873 1626 3005 1683 1⁷90
3027 1626 3101 1681 ad
3122 1632 3220 1683 oct.
3244 1635 3291 1683 6.
3329 1627 3533 1683 JL.-.

1989 1903 2190 1973 Vico.

1981 2025 2206 2095 (Vicus)

865 2165 966 2230 De
1011 2165 1155 2230 loco
1203 2165 1282 2231 cf.
1331 2166 1629 2231 Marocco
1674 2167 2092 2233 Monumenti
2119 2167 2182 2232 V
2227 2170 2308 2232 92
2330 2189 2423 2252 sq.

651 2304 730 2367 *1
3081 2304 3419 2367 1159-81

650 2407 1105 2474 Alexander
1149 2409 1256 2472 III
1302 2409 1473 2474 clero
1521 2417 1589 2475 et
1630 2410 1870 2495 populo
1904 2409 2191 2475 Vicanis:
2241 2410 2441 2476 semel
2488 2415 2555 2476 et
2599 2411 2829 2476 iterum
2860 2313 3130 2490 inhibgt,
3174 2429 3257 2473 ue
3289 2303 3535 2492 aliduas

649 2513 1088 2595 possessiones
1120 2511 1409 2578 eiusdem
1449 2515 1640 2578 castri
1668 2512 2075 2597 venditionis,
2123 2513 2503 2597 donationis,
2550 2514 3083 2601 commutationis,
3131 2511 3535 2597 obligationis

651 2635 767 2680 seu
812 2614 1076 2680 alterius
1116 2616 1525 2682 alienationis
1570 2617 1755 2681 titulo
1802 2617 1886 2681 ad
1933 2616 2097 2681 alios
2143 2638 2335 2703 quam
2384 2617 2465 2682 de
2513 2624 2684 2683 terra
2729 2638 2950 2682 eorum
2982 2615 3301 2681 ullatenus
3331 2620 3535 2680 trans-

652 2718 881 2784 ferant.

858 2829 1036 2884 Laud.
1073 2830 1135 2883 in
1174 2830 1410 2884 Honor-ii
1446 2829 1557 2884 III
1583 2830 1731 2885 bulla
1764 2847 1815 2884 a.
1843 2837 1969 2886 1217
2009 2848 2137 2903 any.
2164 2839 2255 2886 22.-
2312 2831 2437 2901 Roy.
2476 2831 2594 2886 Vnt.
2639 2836 2677 2885 t.
2711 2838 2743 2886 9
2785 2831 2829 2897 f.
2868 2837 2966 2886 147
3017 2846 3073 2885 n.
3104 2837 3203 2886 588
3246 2830 3538 2901 (Rasum

654 2917 790 2988 Ray.
826 2915 1069 2971 Honort'i
1104 2915 1220 2971 III
1248 2922 1284 2970 t.
1312 2915 1355 2970 I
1386 2923 1485 2970 127
1515 2933 1570 2971 n.
1600 2922 1737 2986 734).
1774 2947 1841 2957 —
1880 2916 2008 2988 Refl.
2046 2918 2155 2973 JL.
2192 2951 2274 2973 —.

1927 3193 2263 3263 Trisulti.

1235 3314 1749 3384 nonasterium
1796 3332 1854 3383 s.
1886 3314 2432 3384 Bartholomaei
2476 3316 2563 3383 de
2609 3315 2962 3384 Trisulto.

857 3472 1108 3543 Gasparo
1145 3471 1429 3543 Spitilli
1464 3471 1523 3527 di
1560 3471 1783 3543 Campli
1810 3472 1862 3528 8.
1889 3473 1930 3528 1.
1958 3472 2098 3528 Vita
2121 3472 2180 3528 di
2204 3473 2255 3529 S.
2281 3473 2584 3531 Domenico
2608 3475 2682 3531 da
2704 3474 2944 3547 Fuligno
2967 3474 3176 3530 abbate
3201 3472 3328 3530 dell·
3349 3472 3540 3529 ordine

653 3561 709 3615 di
755 3561 808 3616 8.
843 3560 1156 3616 Benedetto
1210 3561 1296 3627 (In
1344 3560 1520 3614 Roma
1570 3560 1721 3616 1604.
1808 3559 1935 3616 Non
1982 3558 2139 3630 vidi).
2196 3592 2261 3600 —
2318 3561 2376 3615 L.
2405 3560 2733 3617 Iacobilli
2769 3561 2906 3616 Vita
2951 3560 3010 3615 di
3054 3561 3105 3615 S.
3131 3559 3431 3616 Domenico
3467 3560 3540 3616 da

649 3646 883 3719 Foligno
935 3647 1020 3713 (In
1059 3645 1295 3716 Foligno
1340 3647 1496 3714 1645)
1553 3665 1608 3717 p.
1640 3648 1701 3702 17
1726 3664 1807 3716 sq.
1851 3647 1922 3702 49
1946 3666 2027 3716 sq.
2078 3678 2143 3687 —
2199 3647 2257 3702 L.
2285 3647 2441 3704 Iaco
2459 3647 2620 3704 billi
2657 3647 2789 3704 Vite
2837 3648 2907 3704 de
2952 3647 3114 3703 Santi
3162 3665 3192 3704 e
3232 3647 3391 3703 Beati
3426 3647 3538 3703 del·

650 3736 685 3790 l’
706 3731 941 3790 Umbria
979 3735 1003 3788 1
1042 3735 1128 3798 (In
1164 3733 1401 3805 Foligno
1438 3734 1595 3801 1647)
1636 3734 1735 3788 114
1752 3752 1833 3802 sq.
1881 3764 1947 3773 —
2002 3732 2220 3788 Lubin
2258 3750 2313 3803 p.
2347 3734 2464 3789 394.
2517 3764 2574 3772 ——
2617 3734 2719 3789 Iul.
2765 3733 2954 3789 Ambr.
2994 3733 3287 3789 Lucenti
3337 3733 3541 3803 Fulget

649 3820 900 3894 Fulginii
945 3821 1003 3876 in
1038 3818 1427 3891 splendoribus
1476 3823 1791 3874 sanctorum
1838 3819 2070 3886 (Romae
2107 3819 2264 3886 1703)
2311 3837 2366 3890 p.
2393 3820 2458 3876 69
2483 3838 2564 3888 sq.
2616 3850 2679 3860 —-
2734 3819 3047 3875 Mai-occo
3083 3819 3426 3875 Monumenti
3463 3818 3540 3873 IV

651 3908 751 3964 138
770 3925 850 3976 sq.
886 3938 955 3947 —
989 3906 1049 3962 L.
1077 3906 1270 3963 'Posti
1291 3905 1455 3961 Della
1483 3905 1603 3962 vita
1627 3906 1684 3960 di
1709 3906 1762 3962 8.
1789 3906 2091 3962 Domenico
2127 3906 2340 3963 abbate
2367 3905 2597 3978 (Napoli
2627 3907 2797 3974 1855).
2831 3937 2888 3946 -
2920 3905 3184 3962 Moroni
3223 3904 3539 3961 Dizionario

651 3995 884 4050 LXXXI
919 3994 980 4048 71
1010 4012 1091 4063 sq.

869 4150 933 4216 8.
981 4150 1388 4217 Dominicum
1435 4150 1878 4237 Fulginatem‚
1937 4173 2105 4219 saec.
2137 4151 2239 4217 XI
2284 4153 2367 4217 in.
2424 4152 2490 4216 in
2547 4151 2968 4236 Campaniam
3025 4152 3420 4232 venientem,
3477 4151 3540 4215 in

656 4259 800 4323 loco
863 4279 924 4343 q.
973 4257 1033 4321 d.
1092 4255 1434 4339 Trisaltus‚
1488 4258 1554 4321 in
1612 4256 1828 4323 radice
1885 4259 2120 4323 montis
2168 4280 2226 4343 q.
2270 4278 2327 4321 V.
2373 4256 2656 4341 Porche,
2701 4259 2768 4322 in
2813 4264 2996 4323 antro
3044 4255 3353 4342 quodam,
3413 4261 3542 4320 tres

653 4382 858 4427 annos
902 4382 1381 4446 perseverasse,
1441 4360 1656 4446 ibique
1712 4361 1942 4446 angelo
1998 4362 2261 4426 Domini
2316 4360 2577 4426 iubente
2634 4380 2837 4446 prope
2895 4361 3099 4423 rivum
3152 4357 3270 4422 sub
3325 4357 3540 4423 radice

656 4466 893 4531 montis
938 4466 1397 4530 monasterium
1445 4463 1527 4528 ad
1573 4463 1883 4529 honorem
1913 4463 1975 4529 b.
2008 4464 2496 4530 Bartholomaei
2526 4466 2976 4546 construxisse,
3026 4469 3318 4527 auctores
3349 4460 3541 4527 Vitae

654 4593 702 4634 s.
735 4567 1086 4649 Dominici‚
1141 4567 1464 4633 Iohannes
1523 4566 1651 4652 (ed.
1711 4568 2031 4632 Analecta
2091 4566 2518 4632 Bollandiana
2561 4568 2594 4630 I
2640 4567 2796 4655 284)
2855 4574 2921 4632 et
2963 4566 3304 4632 Albericus
3350 4566 3543 4652 (Acta

656 4672 766 4739 88.
802 4671 871 4737 H
902 4674 1025 4737 ian.
1060 4674 1142 4735 22
1188 4693 1248 4755 p.
1281 4674 1405 4734 442
1440 4677 1505 4735 et
1536 4672 1702 4735 Acta
1734 4670 1843 4734 88.
1879 4671 2013 4735 ord.
2049 4693 2096 4735 s.
2130 4671 2466 4736 Benedicti
2489 4671 2587 4735 VI
2620 4675 2742 4737 356
2761 4672 2886 4756 sq.)
2928 4678 3207 4735 narrant.
3275 4669 3541 4734 Terram

657 4782 1108 4842 concesserunt
1152 4781 1219 4839 et
1263 4774 1703 4839 defensionem
1749 4776 2180 4859 promiserunt
2225 4776 2514 4840 homines
2558 4776 2747 4840 vicini
2793 4775 2982 4840 castri
3012 4775 3159 4839 Vici
3202 4771 3311 4857 (cf.
3361 4773 3542 4838 char-

658 4881 857 4945 tulam
918 4879 1277 4944 donationis
1338 4899 1395 4942 a.
1436 4881 1597 4944 1006
1615 4876 1700 4963 (¹2)
1748 4900 1893 4964 aug.
1929 4881 2044 4962 28,
2103 4900 2296 4964 quam
2356 4878 2456 4944 ed.
2502 4880 2801 4944 Liverani
2858 4877 3074 4963 Spicil.
3130 4877 3542 4942 Liberianum

654 5008 716 5070 p.
753 4983 925 5069 720).
994 4981 1195 5050 Rexit
1240 4984 1378 5066 ipse
1422 4983 1519 5046 vir
1549 4991 1805 5047 sanctus
1834 4983 1957 5047 hoc
1987 4982 2368 5048 coenobium
2416 5004 2532 5067 per
2562 5004 2762 5047 annos
2795 4981 3179 5067 quindecim,
3226 4980 3430 5047 donec
3475 5003 3543 5045 se

656 5089 978 5155 transtulit
1020 5090 1088 5152 in
1131 5087 1590 5152 monasterium
1623 5085 1937 5151 Soranum
1984 5109 2023 5150 a
2070 5108 2138 5153 se
2186 5086 2533 5171 conditum,
2579 5085 2912 5151 monachis
2959 5085 3094 5150 ord.
3127 5107 3177 5149 s.
3209 5084 3542 5150 Benedicti

657 5196 719 5257 in
777 5192 1157 5258 Trisultensi
1209 5192 1598 5257 monasterio
1653 5191 2151 5258 remanentibus.
2256 5191 2539 5267 Quorum
2595 5192 2661 5254 in
2713 5190 2924 5255 locum
2977 5189 3386 5254 Innocentius
3441 5188 3546 5252 111
