<?xml version="1.0" encoding="UTF-8"?>
<!DOCTYPE html PUBLIC "-//W3C//DTD XHTML 1.0 Transitional//EN"
    "http://www.w3.org/TR/xhtml1/DTD/xhtml1-transitional.dtd">
<html xmlns="http://www.w3.org/1999/xhtml" xml:lang="en" lang="en">
 <head>
  <title>
</title>
<meta http-equiv="Content-Type" content="text/html;charset=utf-8" />
  <meta name='ocr-system' content='tesseract 3.04.00' />
  <meta name='ocr-capabilities' content='ocr_page ocr_carea ocr_par ocr_line ocrx_word'/>
</head>
<body>
  <div class='ocr_page' id='page_1' title='image "./italiapontifici00gtgoog_0176.png"; bbox 0 0 4055 6069; ppageno 0'>
   <div class='ocr_carea' id='block_1_1' title="bbox 1585 472 3368 543">
    <p class='ocr_par' dir='ltr' id='par_1_1' title="bbox 1585 472 3368 543">
     <span class='ocr_line' id='line_1_1' title="bbox 1585 472 3368 543; baseline 0.01 -18"><span class='ocrx_word' id='word_1_1' title='bbox 1585 472 1861 543; x_wconf 82' lang='lat' dir='ltr'><strong>Sgurgola</strong></span> <span class='ocrx_word' id='word_1_2' title='bbox 1897 502 1963 512; x_wconf 95' lang='lat'>—</span> <span class='ocrx_word' id='word_1_3' title='bbox 2002 472 2270 529; x_wconf 85' lang='lat' dir='ltr'><strong>Anticoli.</strong></span> <span class='ocrx_word' id='word_1_4' title='bbox 3248 483 3368 543; x_wconf 80' lang='lat'><strong>143</strong></span> 
     </span>
    </p>
   </div>
   <div class='ocr_carea' id='block_1_2' title="bbox 484 643 3284 731">
    <p class='ocr_par' dir='ltr' id='par_1_2' title="bbox 484 643 3284 731">
     <span class='ocr_line' id='line_1_2' title="bbox 484 643 3284 731; baseline -0 -16"><span class='ocrx_word' id='word_1_5' title='bbox 484 643 565 706; x_wconf 79' lang='lat'><strong>*2</strong></span> <span class='ocrx_word' id='word_1_6' title='bbox 2881 650 3284 731; x_wconf 79' lang='lat'><em>(1159—81)</em></span> 
     </span>
    </p>
   </div>
   <div class='ocr_carea' id='block_1_3' title="bbox 485 747 3367 931">
    <p class='ocr_par' dir='ltr' id='par_1_3' title="bbox 485 747 3367 931">
     <span class='ocr_line' id='line_1_3' title="bbox 485 747 3367 839; baseline 0.002 -26"><span class='ocrx_word' id='word_1_7' title='bbox 485 748 935 814; x_wconf 80' lang='lat' dir='ltr'><strong>Alexander</strong></span> <span class='ocrx_word' id='word_1_8' title='bbox 977 747 1082 812; x_wconf 92' lang='lat' dir='ltr'><strong>III</strong></span> <span class='ocrx_word' id='word_1_9' title='bbox 1126 749 1421 814; x_wconf 90' lang='lat' dir='ltr'><strong>concedit</strong></span> <span class='ocrx_word' id='word_1_10' title='bbox 1464 752 1784 816; x_wconf 90' lang='lat' dir='ltr'><strong>communi</strong></span> <span class='ocrx_word' id='word_1_11' title='bbox 1815 751 2157 835; x_wconf 79' lang='lat' dir='ltr'><strong>Anagniae</strong></span> <span class='ocrx_word' id='word_1_12' title='bbox 2186 752 2592 839; x_wconf 82' lang='lat' dir='ltr'><strong>privilegium</strong></span> <span class='ocrx_word' id='word_1_13' title='bbox 2639 752 2721 819; x_wconf 91' lang='lat' dir='ltr'><strong>de</strong></span> <span class='ocrx_word' id='word_1_14' title='bbox 2766 761 2976 819; x_wconf 89' lang='lat' dir='ltr'><strong>castro</strong></span> <span class='ocrx_word' id='word_1_15' title='bbox 3009 753 3367 821; x_wconf 84' lang='lat' dir='ltr'><strong>Sculculae.</strong></span> 
     </span>
     <span class='ocr_line' id='line_1_4' title="bbox 865 858 1603 931; baseline 0.004 -18"><span class='ocrx_word' id='word_1_16' title='bbox 865 877 913 914; x_wconf 74' lang='grc' dir='ltr'><strong>ν.</strong></span> <span class='ocrx_word' id='word_1_17' title='bbox 950 858 1188 931; x_wconf 85' lang='lat' dir='ltr'><strong>Anagni,</strong></span> <span class='ocrx_word' id='word_1_18' title='bbox 1224 858 1439 916; x_wconf 84' lang='lat' dir='ltr'><strong>Civitas</strong></span> <span class='ocrx_word' id='word_1_19' title='bbox 1472 879 1527 915; x_wconf 92' lang='lat' dir='ltr'><strong>n.</strong></span> <span class='ocrx_word' id='word_1_20' title='bbox 1553 861 1603 916; x_wconf 84' lang='lat'><strong>8.</strong></span> 
     </span>
    </p>
   </div>
   <div class='ocr_carea' id='block_1_4' title="bbox 1544 1134 2316 1327">
    <p class='ocr_par' dir='ltr' id='par_1_4' title="bbox 1544 1134 2316 1327">
     <span class='ocr_line' id='line_1_5' title="bbox 1544 1134 2316 1220; baseline -0.003 -16"><span class='ocrx_word' id='word_1_21' title='bbox 1544 1134 1927 1220; x_wconf 81' lang='lat' dir='ltr'><strong>Carpineto</strong></span> <span class='ocrx_word' id='word_1_22' title='bbox 1972 1135 2316 1204; x_wconf 81' lang='lat' dir='ltr'><strong>Romano.</strong></span> 
     </span>
     <span class='ocr_line' id='line_1_6' title="bbox 1723 1254 2148 1327; baseline -0.002 -15"><span class='ocrx_word' id='word_1_23' title='bbox 1723 1254 2148 1327; x_wconf 78' lang='lat' dir='ltr'><strong>(carpinetum)</strong></span> 
     </span>
    </p>
   </div>
   <div class='ocr_carea' id='block_1_5' title="bbox 484 1395 3375 2008">
    <p class='ocr_par' dir='ltr' id='par_1_5' title="bbox 484 1395 3375 2008">
     <span class='ocr_line' id='line_1_7' title="bbox 701 1395 3373 1483; baseline 0.001 -21"><span class='ocrx_word' id='word_1_24' title='bbox 701 1397 1118 1482; x_wconf 87' lang='lat' dir='ltr'><strong>Carpinetum</strong></span> <span class='ocrx_word' id='word_1_25' title='bbox 1148 1395 1476 1482; x_wconf 86' lang='lat' dir='ltr'><strong>oppidum,</strong></span> <span class='ocrx_word' id='word_1_26' title='bbox 1512 1398 1750 1461; x_wconf 82' lang='lat' dir='ltr'><strong>Leonis</strong></span> <span class='ocrx_word' id='word_1_27' title='bbox 1781 1395 1952 1461; x_wconf 87' lang='lat' dir='ltr'>XIII</span> <span class='ocrx_word' id='word_1_28' title='bbox 1980 1396 2207 1462; x_wconf 86' lang='lat' dir='ltr'><strong>urbem</strong></span> <span class='ocrx_word' id='word_1_29' title='bbox 2237 1400 2535 1483; x_wconf 89' lang='lat' dir='ltr'><strong>patriam,</strong></span> <span class='ocrx_word' id='word_1_30' title='bbox 2581 1397 2885 1465; x_wconf 79' lang='lat' dir='ltr'><strong>basilicae</strong></span> <span class='ocrx_word' id='word_1_31' title='bbox 2917 1400 3373 1466; x_wconf 86' lang='lat' dir='ltr'><strong>Lateranensis</strong></span> 
     </span>
     <span class='ocr_line' id='line_1_8' title="bbox 485 1499 3373 1588; baseline 0.002 -24"><span class='ocrx_word' id='word_1_32' title='bbox 485 1499 821 1567; x_wconf 88' lang='lat' dir='ltr'><strong>Romanae</strong></span> <span class='ocrx_word' id='word_1_33' title='bbox 883 1523 923 1566; x_wconf 92' lang='lat' dir='ltr'><strong>a</strong></span> <span class='ocrx_word' id='word_1_34' title='bbox 981 1501 1368 1587; x_wconf 79' lang='lat' dir='ltr'><strong>longissimis</strong></span> <span class='ocrx_word' id='word_1_35' title='bbox 1425 1500 1822 1586; x_wconf 84' lang='lat' dir='ltr'><strong>temporibus</strong></span> <span class='ocrx_word' id='word_1_36' title='bbox 1875 1504 2338 1588; x_wconf 80' lang='lat' dir='ltr'><strong>proprietatem</strong></span> <span class='ocrx_word' id='word_1_37' title='bbox 2396 1502 2619 1588; x_wconf 84' lang='lat' dir='ltr'><strong>fuisse,</strong></span> <span class='ocrx_word' id='word_1_38' title='bbox 2674 1503 3038 1569; x_wconf 87' lang='lat' dir='ltr'><strong>Bonifatius</strong></span> <span class='ocrx_word' id='word_1_39' title='bbox 3082 1505 3252 1570; x_wconf 88' lang='lat' dir='ltr'>VIII</span> <span class='ocrx_word' id='word_1_40' title='bbox 3307 1508 3373 1570; x_wconf 94' lang='lat' dir='ltr'><strong>in</strong></span> 
     </span>
     <span class='ocr_line' id='line_1_9' title="bbox 486 1604 3371 1693; baseline 0.002 -24"><span class='ocrx_word' id='word_1_41' title='bbox 486 1604 661 1670; x_wconf 86' lang='lat' dir='ltr'><strong>bulla</strong></span> <span class='ocrx_word' id='word_1_42' title='bbox 716 1626 775 1670; x_wconf 92' lang='lat' dir='ltr'><strong>a.</strong></span> <span class='ocrx_word' id='word_1_43' title='bbox 829 1608 987 1670; x_wconf 81' lang='lat'>1299</span> <span class='ocrx_word' id='word_1_44' title='bbox 1042 1626 1188 1689; x_wconf 92' lang='lat' dir='ltr'><strong>aug.</strong></span> <span class='ocrx_word' id='word_1_45' title='bbox 1228 1611 1305 1670; x_wconf 89' lang='lat'><strong>15</strong></span> <span class='ocrx_word' id='word_1_46' title='bbox 1371 1610 1660 1670; x_wconf 87' lang='lat' dir='ltr'><strong>testatur.</strong></span> <span class='ocrx_word' id='word_1_47' title='bbox 1758 1606 2051 1671; x_wconf 89' lang='lat' dir='ltr'><strong>Primum</strong></span> <span class='ocrx_word' id='word_1_48' title='bbox 2098 1606 2582 1693; x_wconf 81' lang='lat' dir='ltr'><strong>documentum,</strong></span> <span class='ocrx_word' id='word_1_49' title='bbox 2650 1610 2714 1671; x_wconf 89' lang='lat' dir='ltr'><strong>in</strong></span> <span class='ocrx_word' id='word_1_50' title='bbox 2769 1630 2894 1693; x_wconf 91' lang='lat' dir='ltr'><strong>quo</strong></span> <span class='ocrx_word' id='word_1_51' title='bbox 2949 1610 3241 1674; x_wconf 88' lang='lat' dir='ltr'><strong>notitiam</strong></span> <span class='ocrx_word' id='word_1_52' title='bbox 3290 1610 3371 1675; x_wconf 91' lang='lat' dir='ltr'><strong>de</strong></span> 
     </span>
     <span class='ocr_line' id='line_1_10' title="bbox 484 1707 3372 1799; baseline 0.002 -28"><span class='ocrx_word' id='word_1_53' title='bbox 484 1707 608 1772; x_wconf 90' lang='lat' dir='ltr'><strong>hoc</strong></span> <span class='ocrx_word' id='word_1_54' title='bbox 638 1716 846 1774; x_wconf 89' lang='lat' dir='ltr'><strong>castro</strong></span> <span class='ocrx_word' id='word_1_55' title='bbox 877 1711 1252 1794; x_wconf 86' lang='lat' dir='ltr'><strong>invenimus,</strong></span> <span class='ocrx_word' id='word_1_56' title='bbox 1287 1715 1386 1775; x_wconf 89' lang='lat' dir='ltr'><strong>est</strong></span> <span class='ocrx_word' id='word_1_57' title='bbox 1415 1709 1719 1774; x_wconf 90' lang='lat' dir='ltr'><strong>Iohannis</strong></span> <span class='ocrx_word' id='word_1_58' title='bbox 1748 1712 1979 1795; x_wconf 89' lang='lat' dir='ltr'><strong>prioris</strong></span> <span class='ocrx_word' id='word_1_59' title='bbox 2008 1712 2464 1777; x_wconf 89' lang='lat' dir='ltr'><strong>Lateranensis</strong></span> <span class='ocrx_word' id='word_1_60' title='bbox 2494 1712 2730 1777; x_wconf 86' lang='lat' dir='ltr'><strong>locatio</strong></span> <span class='ocrx_word' id='word_1_61' title='bbox 2763 1734 2821 1778; x_wconf 89' lang='lat' dir='ltr'><strong>a.</strong></span> <span class='ocrx_word' id='word_1_62' title='bbox 2861 1716 3021 1778; x_wconf 87' lang='lat'>1157</span> <span class='ocrx_word' id='word_1_63' title='bbox 3056 1711 3372 1799; x_wconf 83' lang='lat' dir='ltr'><strong>Gregorio</strong></span> 
     </span>
     <span class='ocr_line' id='line_1_11' title="bbox 486 1812 3375 1902; baseline 0.002 -25"><span class='ocrx_word' id='word_1_64' title='bbox 486 1814 705 1878; x_wconf 90' lang='lat' dir='ltr'><strong>comiti</strong></span> <span class='ocrx_word' id='word_1_65' title='bbox 750 1813 832 1879; x_wconf 87' lang='lat' dir='ltr'><strong>de</strong></span> <span class='ocrx_word' id='word_1_66' title='bbox 876 1814 1170 1880; x_wconf 91' lang='lat' dir='ltr'><strong>Ceccano</strong></span> <span class='ocrx_word' id='word_1_67' title='bbox 1217 1814 1389 1880; x_wconf 89' lang='lat' dir='ltr'><strong>facta</strong></span> <span class='ocrx_word' id='word_1_68' title='bbox 1434 1812 1523 1899; x_wconf 90' lang='lat' dir='ltr'><strong>(n.</strong></span> <span class='ocrx_word' id='word_1_69' title='bbox 1564 1814 1647 1900; x_wconf 82' lang='lat'><strong>1).</strong></span> <span class='ocrx_word' id='word_1_70' title='bbox 1736 1813 1923 1880; x_wconf 84' lang='lat' dir='ltr'><strong>Haeo</strong></span> <span class='ocrx_word' id='word_1_71' title='bbox 1978 1837 2064 1880; x_wconf 83' lang='lat' dir='ltr'><strong>ex</strong></span> <span class='ocrx_word' id='word_1_72' title='bbox 2117 1815 2511 1902; x_wconf 83' lang='lat' dir='ltr'><strong>Campaniae</strong></span> <span class='ocrx_word' id='word_1_73' title='bbox 2566 1815 2904 1881; x_wconf 83' lang='lat' dir='ltr'><strong>comitibus</strong></span> <span class='ocrx_word' id='word_1_74' title='bbox 2948 1817 3375 1883; x_wconf 89' lang='lat' dir='ltr'><strong>illustrissima</strong></span> 
     </span>
     <span class='ocr_line' id='line_1_12' title="bbox 489 1917 3372 2008; baseline 0.002 -27"><span class='ocrx_word' id='word_1_75' title='bbox 489 1917 733 1983; x_wconf 83' lang='lat' dir='ltr'><strong>familia</strong></span> <span class='ocrx_word' id='word_1_76' title='bbox 801 1918 1073 1983; x_wconf 87' lang='lat' dir='ltr'><strong>obtinuit</strong></span> <span class='ocrx_word' id='word_1_77' title='bbox 1138 1918 1402 1984; x_wconf 86' lang='lat' dir='ltr'><strong>feudum</strong></span> <span class='ocrx_word' id='word_1_78' title='bbox 1470 1918 1830 2004; x_wconf 88' lang='lat' dir='ltr'><strong>Carpineti‚</strong></span> <span class='ocrx_word' id='word_1_79' title='bbox 1897 1920 2219 1984; x_wconf 88' lang='lat' dir='ltr'><strong>nonnullis</strong></span> <span class='ocrx_word' id='word_1_80' title='bbox 2286 1928 2502 1985; x_wconf 90' lang='lat' dir='ltr'><strong>tamen</strong></span> <span class='ocrx_word' id='word_1_81' title='bbox 2569 1922 2949 2005; x_wconf 79' lang='lat' dir='ltr'><strong>intervalliS,</strong></span> <span class='ocrx_word' id='word_1_82' title='bbox 3020 1944 3222 2008; x_wconf 90' lang='lat' dir='ltr'><strong>usque</strong></span> <span class='ocrx_word' id='word_1_83' title='bbox 3291 1922 3372 1987; x_wconf 91' lang='lat' dir='ltr'><strong>ad</strong></span> 
     </span>
    </p>
   </div>
   <div class='ocr_carea' id='block_1_6' title="bbox 486 2022 3372 2215">
    <p class='ocr_par' dir='ltr' id='par_1_6' title="bbox 486 2022 3372 2215">
     <span class='ocr_line' id='line_1_13' title="bbox 490 2022 3372 2109; baseline 0.001 -23"><span class='ocrx_word' id='word_1_84' title='bbox 490 2044 656 2088; x_wconf 87' lang='lat' dir='ltr'><strong>saec.</strong></span> <span class='ocrx_word' id='word_1_85' title='bbox 687 2022 870 2107; x_wconf 85' lang='lat' dir='ltr'>XIV,</span> <span class='ocrx_word' id='word_1_86' title='bbox 904 2022 1159 2109; x_wconf 91' lang='lat' dir='ltr'><strong>quando</strong></span> <span class='ocrx_word' id='word_1_87' title='bbox 1188 2025 1438 2088; x_wconf 89' lang='lat' dir='ltr'><strong>transiit</strong></span> <span class='ocrx_word' id='word_1_88' title='bbox 1466 2024 1535 2088; x_wconf 91' lang='lat' dir='ltr'><strong>in</strong></span> <span class='ocrx_word' id='word_1_89' title='bbox 1562 2025 2033 2108; x_wconf 90' lang='lat' dir='ltr'><strong>possessionem</strong></span> <span class='ocrx_word' id='word_1_90' title='bbox 2064 2025 2348 2090; x_wconf 83' lang='lat' dir='ltr'><strong>familiae</strong></span> <span class='ocrx_word' id='word_1_91' title='bbox 2376 2026 2585 2091; x_wconf 89' lang='lat' dir='ltr'><strong>Conti.</strong></span> <span class='ocrx_word' id='word_1_92' title='bbox 2654 2025 2754 2090; x_wconf 86' lang='lat' dir='ltr'><strong>De</strong></span> <span class='ocrx_word' id='word_1_93' title='bbox 2784 2027 2928 2090; x_wconf 93' lang='lat' dir='ltr'><strong>loco</strong></span> <span class='ocrx_word' id='word_1_94' title='bbox 2962 2024 3041 2089; x_wconf 83' lang='lat' dir='ltr'><strong>cf.</strong></span> <span class='ocrx_word' id='word_1_95' title='bbox 3075 2025 3372 2091; x_wconf 85' lang='lat' dir='ltr'><strong>Marocco</strong></span> 
     </span>
     <span class='ocr_line' id='line_1_14' title="bbox 486 2125 3047 2215; baseline 0.001 -23"><span class='ocrx_word' id='word_1_96' title='bbox 486 2125 885 2192; x_wconf 85' lang='lat' dir='ltr'><strong>Monumenti</strong></span> <span class='ocrx_word' id='word_1_97' title='bbox 915 2127 978 2192; x_wconf 88' lang='lat' dir='ltr'><strong>V</strong></span> <span class='ocrx_word' id='word_1_98' title='bbox 1024 2131 1105 2194; x_wconf 86' lang='lat'><strong>38</strong></span> <span class='ocrx_word' id='word_1_99' title='bbox 1130 2150 1255 2213; x_wconf 90' lang='lat' dir='ltr'><strong>sq.;</strong></span> <span class='ocrx_word' id='word_1_100' title='bbox 1301 2127 1616 2193; x_wconf 88' lang='lat' dir='ltr'><strong>Pressutti</strong></span> <span class='ocrx_word' id='word_1_101' title='bbox 1661 2127 1826 2213; x_wconf 86' lang='lat' dir='ltr'><strong>Reg.</strong></span> <span class='ocrx_word' id='word_1_102' title='bbox 1872 2128 2149 2194; x_wconf 90' lang='lat' dir='ltr'><strong>Honorii</strong></span> <span class='ocrx_word' id='word_1_103' title='bbox 2195 2129 2300 2193; x_wconf 92' lang='grc' dir='ltr'><strong>ΠΙ</strong></span> <span class='ocrx_word' id='word_1_104' title='bbox 2347 2137 2389 2194; x_wconf 89' lang='lat' dir='ltr'><strong>t.</strong></span> <span class='ocrx_word' id='word_1_105' title='bbox 2423 2130 2457 2194; x_wconf 97' lang='lat' dir='ltr'>I</span> <span class='ocrx_word' id='word_1_106' title='bbox 2499 2152 2562 2215; x_wconf 90' lang='lat' dir='ltr'><strong>p.</strong></span> <span class='ocrx_word' id='word_1_107' title='bbox 2597 2129 2921 2194; x_wconf 87' lang='lat' dir='ltr'>LXXXII</span> <span class='ocrx_word' id='word_1_108' title='bbox 2953 2152 3047 2215; x_wconf 89' lang='lat' dir='ltr'><strong>sq.</strong></span> 
     </span>
    </p>
   </div>
   <div class='ocr_carea' id='block_1_7' title="bbox 481 2316 3372 2819">
    <p class='ocr_par' dir='ltr' id='par_1_7' title="bbox 481 2316 3372 2819">
     <span class='ocr_line' id='line_1_15' title="bbox 701 2316 3371 2406; baseline 0.001 -25"><span class='ocrx_word' id='word_1_109' title='bbox 701 2316 1135 2403; x_wconf 88' lang='lat' dir='ltr'><strong>Documenta,</strong></span> <span class='ocrx_word' id='word_1_110' title='bbox 1206 2339 1371 2404; x_wconf 91' lang='lat' dir='ltr'><strong>quae</strong></span> <span class='ocrx_word' id='word_1_111' title='bbox 1440 2324 1735 2404; x_wconf 88' lang='lat' dir='ltr'><strong>spectant</strong></span> <span class='ocrx_word' id='word_1_112' title='bbox 1787 2318 1871 2384; x_wconf 89' lang='lat' dir='ltr'><strong>ad</strong></span> <span class='ocrx_word' id='word_1_113' title='bbox 1938 2325 2215 2385; x_wconf 88' lang='lat' dir='ltr'><strong>castrum</strong></span> <span class='ocrx_word' id='word_1_114' title='bbox 2275 2319 2720 2406; x_wconf 76' lang='lat' dir='ltr'><strong>carpinetum,</strong></span> <span class='ocrx_word' id='word_1_115' title='bbox 2789 2322 3151 2406; x_wconf 85' lang='lat' dir='ltr'><strong>antiquiora</strong></span> <span class='ocrx_word' id='word_1_116' title='bbox 3216 2320 3371 2385; x_wconf 93' lang='lat' dir='ltr'><strong>olim</strong></span> 
     </span>
     <span class='ocr_line' id='line_1_16' title="bbox 484 2422 3372 2508; baseline 0.001 -21"><span class='ocrx_word' id='word_1_117' title='bbox 484 2422 735 2487; x_wconf 88' lang='lat' dir='ltr'><strong>Romae</strong></span> <span class='ocrx_word' id='word_1_118' title='bbox 802 2423 869 2487; x_wconf 93' lang='lat' dir='ltr'><strong>in</strong></span> <span class='ocrx_word' id='word_1_119' title='bbox 934 2422 1193 2487; x_wconf 85' lang='lat' dir='ltr'><strong>archivo</strong></span> <span class='ocrx_word' id='word_1_120' title='bbox 1252 2425 1703 2489; x_wconf 90' lang='lat' dir='ltr'><strong>canonicorum</strong></span> <span class='ocrx_word' id='word_1_121' title='bbox 1758 2423 2320 2508; x_wconf 73' lang='lat' dir='ltr'><strong>Later-anensium,</strong></span> <span class='ocrx_word' id='word_1_122' title='bbox 2387 2428 2617 2508; x_wconf 88' lang='lat' dir='ltr'><strong>postea</strong></span> <span class='ocrx_word' id='word_1_123' title='bbox 2683 2423 2747 2487; x_wconf 91' lang='lat' dir='ltr'><strong>in</strong></span> <span class='ocrx_word' id='word_1_124' title='bbox 2809 2423 3159 2489; x_wconf 90' lang='lat' dir='ltr'><strong>eorundem</strong></span> <span class='ocrx_word' id='word_1_125' title='bbox 3217 2424 3372 2489; x_wconf 89' lang='lat' dir='ltr'><strong>sede</strong></span> 
     </span>
     <span class='ocr_line' id='line_1_17' title="bbox 483 2524 3369 2611; baseline 0 -21"><span class='ocrx_word' id='word_1_126' title='bbox 483 2525 805 2609; x_wconf 81' lang='lat' dir='ltr'><strong>Faesulis,</strong></span> <span class='ocrx_word' id='word_1_127' title='bbox 886 2524 1082 2591; x_wconf 77' lang='lat' dir='ltr'><strong>hodie</strong></span> <span class='ocrx_word' id='word_1_128' title='bbox 1161 2527 1227 2590; x_wconf 89' lang='lat' dir='ltr'><strong>in</strong></span> <span class='ocrx_word' id='word_1_129' title='bbox 1293 2525 1374 2592; x_wconf 84' lang='lat' dir='ltr'><strong>R.</strong></span> <span class='ocrx_word' id='word_1_130' title='bbox 1442 2525 1701 2592; x_wconf 82' lang='lat' dir='ltr'><strong>archivo</strong></span> <span class='ocrx_word' id='word_1_131' title='bbox 1769 2526 2143 2596; x_wconf 75' lang='lat' dir='ltr'><strong>Florentino</strong></span> <span class='ocrx_word' id='word_1_132' title='bbox 2213 2525 2633 2592; x_wconf 82' lang='lat' dir='ltr'><strong>adservantur</strong></span> <span class='ocrx_word' id='word_1_133' title='bbox 2698 2526 2807 2611; x_wconf 83' lang='lat' dir='ltr'><strong>(cf.</strong></span> <span class='ocrx_word' id='word_1_134' title='bbox 2882 2527 3122 2610; x_wconf 87' lang='lat' dir='ltr'><strong>Roma,</strong></span> <span class='ocrx_word' id='word_1_135' title='bbox 3197 2526 3369 2592; x_wconf 85' lang='lat' dir='ltr'><strong>Eccl.</strong></span> 
     </span>
     <span class='ocr_line' id='line_1_18' title="bbox 481 2629 3371 2716; baseline 0.001 -24"><span class='ocrx_word' id='word_1_136' title='bbox 481 2652 530 2694; x_wconf 94' lang='lat' dir='ltr'><strong>s.</strong></span> <span class='ocrx_word' id='word_1_137' title='bbox 561 2629 867 2695; x_wconf 88' lang='lat' dir='ltr'><strong>Iohannis</strong></span> <span class='ocrx_word' id='word_1_138' title='bbox 911 2631 974 2695; x_wconf 93' lang='lat' dir='ltr'><strong>in</strong></span> <span class='ocrx_word' id='word_1_139' title='bbox 1020 2630 1396 2716; x_wconf 89' lang='lat' dir='ltr'><strong>Laterano).</strong></span> <span class='ocrx_word' id='word_1_140' title='bbox 1486 2630 1637 2694; x_wconf 82' lang='lat' dir='ltr'><strong>Alia</strong></span> <span class='ocrx_word' id='word_1_141' title='bbox 1685 2635 1818 2693; x_wconf 86' lang='lat' dir='ltr'><strong>tum</strong></span> <span class='ocrx_word' id='word_1_142' title='bbox 1864 2632 1929 2694; x_wconf 92' lang='lat' dir='ltr'><strong>in</strong></span> <span class='ocrx_word' id='word_1_143' title='bbox 1976 2629 2234 2695; x_wconf 81' lang='lat' dir='ltr'><strong>archivo</strong></span> <span class='ocrx_word' id='word_1_144' title='bbox 2282 2630 2566 2695; x_wconf 85' lang='lat' dir='ltr'><strong>familiae</strong></span> <span class='ocrx_word' id='word_1_145' title='bbox 2611 2629 3176 2696; x_wconf 81' lang='lat' dir='ltr'><strong>Sforza-Cesarini</strong></span> <span class='ocrx_word' id='word_1_146' title='bbox 3237 2640 3371 2696; x_wconf 90' lang='lat' dir='ltr'><strong>tum</strong></span> 
     </span>
     <span class='ocr_line' id='line_1_19' title="bbox 482 2732 2693 2819; baseline 0.002 -22"><span class='ocrx_word' id='word_1_147' title='bbox 482 2735 547 2798; x_wconf 91' lang='lat' dir='ltr'><strong>in</strong></span> <span class='ocrx_word' id='word_1_148' title='bbox 592 2732 849 2800; x_wconf 85' lang='lat' dir='ltr'><strong>archivo</strong></span> <span class='ocrx_word' id='word_1_149' title='bbox 896 2734 1183 2798; x_wconf 89' lang='lat' dir='ltr'><strong>familiae</strong></span> <span class='ocrx_word' id='word_1_150' title='bbox 1228 2733 1498 2798; x_wconf 90' lang='lat' dir='ltr'><strong>Caetani</strong></span> <span class='ocrx_word' id='word_1_151' title='bbox 1544 2735 1950 2799; x_wconf 82' lang='lat' dir='ltr'><strong>inveniuntur</strong></span> <span class='ocrx_word' id='word_1_152' title='bbox 1994 2732 2104 2819; x_wconf 88' lang='lat' dir='ltr'><strong>(cf.</strong></span> <span class='ocrx_word' id='word_1_153' title='bbox 2152 2734 2467 2799; x_wconf 85' lang='lat' dir='ltr'><strong>Pressutti</strong></span> <span class='ocrx_word' id='word_1_154' title='bbox 2511 2735 2553 2798; x_wconf 92' lang='lat' dir='ltr'><strong>l.</strong></span> <span class='ocrx_word' id='word_1_155' title='bbox 2590 2733 2693 2819; x_wconf 90' lang='lat' dir='ltr'><strong>c.).</strong></span> 
     </span>
    </p>
   </div>
   <div class='ocr_carea' id='block_1_8' title="bbox 482 2910 3375 3203">
    <p class='ocr_par' dir='ltr' id='par_1_8' title="bbox 482 2910 3375 3203">
     <span class='ocr_line' id='line_1_20' title="bbox 482 2911 3256 2972; baseline 0.001 -2"><span class='ocrx_word' id='word_1_156' title='bbox 482 2912 521 2970; x_wconf 87' lang='lat'><strong><em>1</em></strong></span> <span class='ocrx_word' id='word_1_157' title='bbox 3087 2911 3256 2972; x_wconf 82' lang='lat'><strong><em>1157</em></strong></span> 
     </span>
     <span class='ocr_line' id='line_1_21' title="bbox 482 2910 3375 3098; baseline 0 -22"><span class='ocrx_word' id='word_1_158' title='bbox 482 3010 585 3076; x_wconf 83' lang='lat' dir='ltr'><strong>Ex</strong></span> <span class='ocrx_word' id='word_1_159' title='bbox 644 3018 994 3098; x_wconf 86' lang='lat' dir='ltr'><strong>praecepto</strong></span> <span class='ocrx_word' id='word_1_160' title='bbox 1057 3010 1443 3076; x_wconf 91' lang='lat' dir='ltr'><strong>Hadriani</strong></span> <span class='ocrx_word' id='word_1_161' title='bbox 1488 3009 1584 3075; x_wconf 88' lang='lat' dir='ltr'>IV</span> <span class='ocrx_word' id='word_1_162' title='bbox 1646 3009 1969 3075; x_wconf 89' lang='lat' dir='ltr'><strong>Iohannes</strong></span> <span class='ocrx_word' id='word_1_163' title='bbox 2032 3012 2209 3095; x_wconf 89' lang='lat' dir='ltr'><strong>prior</strong></span> <span class='ocrx_word' id='word_1_164' title='bbox 2265 3017 2332 3075; x_wconf 88' lang='lat' dir='ltr'><strong>et</strong></span> <span class='ocrx_word' id='word_1_165' title='bbox 2397 3016 2610 3075; x_wconf 89' lang='lat' dir='ltr'><strong>rector</strong></span> <span class='ocrx_word' id='word_1_166' title='bbox 2661 3009 2968 3077; x_wconf 87' lang='lat' dir='ltr'><strong>basilicae</strong></span> <span class='ocrx_word' id='word_1_167' title='bbox 3023 2910 3375 3078; x_wconf 41' lang='lat' dir='ltr'><strong>Silvatdris</strong></span> 
     </span>
     <span class='ocr_line' id='line_1_22' title="bbox 482 3115 3369 3203; baseline -0 -21"><span class='ocrx_word' id='word_1_168' title='bbox 482 3141 543 3201; x_wconf 88' lang='lat' dir='ltr'><strong>q.</strong></span> <span class='ocrx_word' id='word_1_169' title='bbox 603 3139 751 3203; x_wconf 91' lang='lat' dir='ltr'><strong>app.</strong></span> <span class='ocrx_word' id='word_1_170' title='bbox 821 3116 1348 3183; x_wconf 82' lang='lat' dir='ltr'><strong>Constantiniana</strong></span> <span class='ocrx_word' id='word_1_171' title='bbox 1414 3125 1480 3182; x_wconf 88' lang='lat' dir='ltr'><strong>et</strong></span> <span class='ocrx_word' id='word_1_172' title='bbox 1542 3140 1590 3181; x_wconf 92' lang='lat' dir='ltr'><strong>s.</strong></span> <span class='ocrx_word' id='word_1_173' title='bbox 1640 3116 1947 3181; x_wconf 88' lang='lat' dir='ltr'><strong>Iohannis</strong></span> <span class='ocrx_word' id='word_1_174' title='bbox 2014 3115 2189 3200; x_wconf 91' lang='lat' dir='ltr'><strong>bapt.</strong></span> <span class='ocrx_word' id='word_1_175' title='bbox 2259 3118 2433 3182; x_wconf 88' lang='lat' dir='ltr'><strong>locat</strong></span> <span class='ocrx_word' id='word_1_176' title='bbox 2500 3123 2567 3181; x_wconf 89' lang='lat' dir='ltr'><strong>et</strong></span> <span class='ocrx_word' id='word_1_177' title='bbox 2630 3115 2927 3182; x_wconf 87' lang='lat' dir='ltr'><strong>concedit</strong></span> <span class='ocrx_word' id='word_1_178' title='bbox 2989 3117 3054 3180; x_wconf 92' lang='lat' dir='ltr'><strong>in</strong></span> <span class='ocrx_word' id='word_1_179' title='bbox 3116 3119 3369 3182; x_wconf 88' lang='lat' dir='ltr'><strong>tertiam</strong></span> 
     </span>
    </p>
   </div>
   <div class='ocr_carea' id='block_1_9' title="bbox 482 3219 2989 3308">
    <p class='ocr_par' dir='ltr' id='par_1_9' title="bbox 482 3219 2989 3308">
     <span class='ocr_line' id='line_1_23' title="bbox 482 3219 2989 3308; baseline -0.001 -21"><span class='ocrx_word' id='word_1_180' title='bbox 482 3224 969 3306; x_wconf 85' lang='lat' dir='ltr'><strong>generationem</strong></span> <span class='ocrx_word' id='word_1_181' title='bbox 1015 3219 1331 3308; x_wconf 85' lang='lat' dir='ltr'><strong>Gregorio</strong></span> <span class='ocrx_word' id='word_1_182' title='bbox 1380 3221 1468 3285; x_wconf 92' lang='lat' dir='ltr'><strong>ill.</strong></span> <span class='ocrx_word' id='word_1_183' title='bbox 1517 3222 1733 3286; x_wconf 88' lang='lat' dir='ltr'><strong>comiti</strong></span> <span class='ocrx_word' id='word_1_184' title='bbox 1781 3220 1863 3285; x_wconf 89' lang='lat' dir='ltr'><strong>de</strong></span> <span class='ocrx_word' id='word_1_185' title='bbox 1909 3220 2184 3285; x_wconf 89' lang='lat' dir='ltr'><strong>Ciccano</strong></span> <span class='ocrx_word' id='word_1_186' title='bbox 2232 3228 2508 3286; x_wconf 85' lang='lat' dir='ltr'><strong>castrum</strong></span> <span class='ocrx_word' id='word_1_187' title='bbox 2554 3220 2989 3305; x_wconf 87' lang='lat' dir='ltr'><strong>Carpinetum.</strong></span> 
     </span>
    </p>
   </div>
   <div class='ocr_carea' id='block_1_10' title="bbox 692 3330 3373 3577">
    <p class='ocr_par' dir='ltr' id='par_1_10' title="bbox 692 3330 3373 3577">
     <span class='ocr_line' id='line_1_24' title="bbox 864 3330 3373 3398; baseline 0 -12"><span class='ocrx_word' id='word_1_188' title='bbox 864 3351 913 3386; x_wconf 85' lang='lat' dir='ltr'><strong>v.</strong></span> <span class='ocrx_word' id='word_1_189' title='bbox 941 3332 1134 3397; x_wconf 84' lang='lat' dir='ltr'><strong>Roma,</strong></span> <span class='ocrx_word' id='word_1_190' title='bbox 1170 3332 1321 3387; x_wconf 87' lang='lat' dir='ltr'><strong>Eccl.</strong></span> <span class='ocrx_word' id='word_1_191' title='bbox 1359 3350 1402 3387; x_wconf 75' lang='lat' dir='ltr'><strong>a.</strong></span> <span class='ocrx_word' id='word_1_192' title='bbox 1427 3330 1691 3385; x_wconf 86' lang='lat' dir='ltr'><strong>Iohannis</strong></span> <span class='ocrx_word' id='word_1_193' title='bbox 1728 3330 1783 3386; x_wconf 89' lang='lat' dir='ltr'><strong>in</strong></span> <span class='ocrx_word' id='word_1_194' title='bbox 1822 3331 2101 3385; x_wconf 84' lang='lat' dir='ltr'><strong>Laterano</strong></span> <span class='ocrx_word' id='word_1_195' title='bbox 2135 3349 2190 3385; x_wconf 91' lang='lat' dir='ltr'><strong>n.</strong></span> <span class='ocrx_word' id='word_1_196' title='bbox 2215 3330 2299 3386; x_wconf 83' lang='lat'><strong>23.</strong></span> <span class='ocrx_word' id='word_1_197' title='bbox 2348 3361 2409 3369; x_wconf 92' lang='lat'><strong>—</strong></span> <span class='ocrx_word' id='word_1_198' title='bbox 2460 3330 2542 3384; x_wconf 90' lang='lat' dir='ltr'><strong>Cf.</strong></span> <span class='ocrx_word' id='word_1_199' title='bbox 2580 3330 2776 3386; x_wconf 85' lang='lat' dir='ltr'><strong>Chron.</strong></span> <span class='ocrx_word' id='word_1_200' title='bbox 2812 3330 3016 3386; x_wconf 79' lang='lat' dir='ltr'><strong>Fossae</strong></span> <span class='ocrx_word' id='word_1_201' title='bbox 3051 3348 3230 3386; x_wconf 84' lang='lat' dir='ltr'><strong>novae</strong></span> <span class='ocrx_word' id='word_1_202' title='bbox 3269 3331 3373 3398; x_wconf 85' lang='lat' dir='ltr'><strong>(ed.</strong></span> 
     </span>
     <span class='ocr_line' id='line_1_25' title="bbox 692 3416 3372 3487; baseline -0 -14"><span class='ocrx_word' id='word_1_203' title='bbox 692 3418 962 3474; x_wconf 85' lang='lat' dir='ltr'><strong>Muratori</strong></span> <span class='ocrx_word' id='word_1_204' title='bbox 1009 3420 1119 3473; x_wconf 82' lang='lat' dir='ltr'><strong>Scr.</strong></span> <span class='ocrx_word' id='word_1_205' title='bbox 1154 3417 1263 3473; x_wconf 84' lang='lat' dir='ltr'><strong>vn</strong></span> <span class='ocrx_word' id='word_1_206' title='bbox 1306 3418 1430 3487; x_wconf 83' lang='lat'>871)</span> <span class='ocrx_word' id='word_1_207' title='bbox 1465 3417 1585 3472; x_wconf 84' lang='lat' dir='ltr'><strong>sive</strong></span> <span class='ocrx_word' id='word_1_208' title='bbox 1637 3419 1780 3472; x_wconf 85' lang='lat' dir='ltr'><strong>Ann.</strong></span> <span class='ocrx_word' id='word_1_209' title='bbox 1828 3416 2060 3472; x_wconf 85' lang='lat' dir='ltr'><strong>Ceccan.</strong></span> <span class='ocrx_word' id='word_1_210' title='bbox 2106 3418 2213 3486; x_wconf 91' lang='lat' dir='ltr'><strong>(ed.</strong></span> <span class='ocrx_word' id='word_1_211' title='bbox 2259 3417 2404 3472; x_wconf 86' lang='lat' dir='ltr'><strong>Mon.</strong></span> <span class='ocrx_word' id='word_1_212' title='bbox 2449 3416 2629 3472; x_wconf 87' lang='lat' dir='ltr'><strong>Germ.</strong></span> <span class='ocrx_word' id='word_1_213' title='bbox 2676 3420 2787 3472; x_wconf 85' lang='lat' dir='ltr'><strong>Ser.</strong></span> <span class='ocrx_word' id='word_1_214' title='bbox 2812 3417 2949 3470; x_wconf 87' lang='lat' dir='ltr'>XIX</span> <span class='ocrx_word' id='word_1_215' title='bbox 2982 3417 3132 3484; x_wconf 82' lang='lat'>284):</span> <span class='ocrx_word' id='word_1_216' title='bbox 3188 3418 3372 3483; x_wconf 61' lang='lat'><strong>,1152</strong></span> 
     </span>
     <span class='ocr_line' id='line_1_26' title="bbox 692 3501 3372 3577; baseline -0.001 -18"><span class='ocrx_word' id='word_1_217' title='bbox 692 3505 805 3560; x_wconf 88' lang='lat' dir='ltr'><strong>ind.</strong></span> <span class='ocrx_word' id='word_1_218' title='bbox 822 3507 873 3570; x_wconf 88' lang='lat'><strong>5,</strong></span> <span class='ocrx_word' id='word_1_219' title='bbox 899 3504 1200 3577; x_wconf 84' lang='lat' dir='ltr'><strong>Gregorius</strong></span> <span class='ocrx_word' id='word_1_220' title='bbox 1226 3521 1408 3560; x_wconf 87' lang='lat' dir='ltr'><strong>comes</strong></span> <span class='ocrx_word' id='word_1_221' title='bbox 1434 3503 1669 3559; x_wconf 87' lang='lat' dir='ltr'><strong>Ceccani</strong></span> <span class='ocrx_word' id='word_1_222' title='bbox 1706 3504 1813 3558; x_wconf 91' lang='lat' dir='ltr'><strong>hoc</strong></span> <span class='ocrx_word' id='word_1_223' title='bbox 1839 3521 1985 3558; x_wconf 89' lang='lat' dir='ltr'><strong>anno</strong></span> <span class='ocrx_word' id='word_1_224' title='bbox 2009 3501 2318 3572; x_wconf 85' lang='lat' dir='ltr'><strong>acquisivit</strong></span> <span class='ocrx_word' id='word_1_225' title='bbox 2341 3503 2702 3574; x_wconf 82' lang='lat' dir='ltr'><strong>Carpinetam</strong></span> <span class='ocrx_word' id='word_1_226' title='bbox 2730 3503 2789 3557; x_wconf 86' lang='lat' dir='ltr'><strong>in</strong></span> <span class='ocrx_word' id='word_1_227' title='bbox 2815 3506 3018 3558; x_wconf 79' lang='lat' dir='ltr'><strong>octava</strong></span> <span class='ocrx_word' id='word_1_228' title='bbox 3041 3522 3085 3557; x_wconf 84' lang='lat' dir='ltr'><strong>s.</strong></span> <span class='ocrx_word' id='word_1_229' title='bbox 3108 3502 3372 3559; x_wconf 78' lang='lat' dir='ltr'><strong>Mariae‘.</strong></span> 
     </span>
    </p>
   </div>
   <div class='ocr_carea' id='block_1_11' title="bbox 482 3677 3373 3970">
    <p class='ocr_par' dir='ltr' id='par_1_11' title="bbox 482 3677 3373 3970">
     <span class='ocr_line' id='line_1_27' title="bbox 482 3677 3286 3744; baseline -0.002 0"><span class='ocrx_word' id='word_1_230' title='bbox 482 3682 528 3744; x_wconf 81' lang='lat'><strong><em>2</em></strong></span> <span class='ocrx_word' id='word_1_231' title='bbox 2821 3677 2991 3740; x_wconf 81' lang='lat'><strong><em>1182</em></strong></span> <span class='ocrx_word' id='word_1_232' title='bbox 3032 3697 3170 3741; x_wconf 75' lang='grc' dir='ltr'><strong><em>που.</em></strong></span> <span class='ocrx_word' id='word_1_233' title='bbox 3204 3681 3286 3739; x_wconf 88' lang='grc'><strong>11</strong></span> 
     </span>
     <span class='ocr_line' id='line_1_28' title="bbox 483 3779 3371 3869; baseline -0.001 -21"><span class='ocrx_word' id='word_1_234' title='bbox 483 3782 584 3848; x_wconf 86' lang='lat' dir='ltr'><strong>Ex</strong></span> <span class='ocrx_word' id='word_1_235' title='bbox 629 3789 977 3869; x_wconf 87' lang='lat' dir='ltr'><strong>praecepto</strong></span> <span class='ocrx_word' id='word_1_236' title='bbox 1021 3782 1242 3848; x_wconf 84' lang='lat' dir='ltr'><strong>Lucii</strong></span> <span class='ocrx_word' id='word_1_237' title='bbox 1286 3781 1391 3846; x_wconf 92' lang='lat' dir='ltr'><strong>III</strong></span> <span class='ocrx_word' id='word_1_238' title='bbox 1435 3781 1756 3847; x_wconf 86' lang='lat' dir='ltr'><strong>Iohannes</strong></span> <span class='ocrx_word' id='word_1_239' title='bbox 1801 3782 1975 3866; x_wconf 85' lang='lat' dir='ltr'><strong>prior</strong></span> <span class='ocrx_word' id='word_1_240' title='bbox 2021 3800 2096 3845; x_wconf 90' lang='lat' dir='ltr'><strong>ac</strong></span> <span class='ocrx_word' id='word_1_241' title='bbox 2142 3787 2354 3845; x_wconf 88' lang='lat' dir='ltr'><strong>rector</strong></span> <span class='ocrx_word' id='word_1_242' title='bbox 2398 3780 2704 3847; x_wconf 86' lang='lat' dir='ltr'><strong>basilicae</strong></span> <span class='ocrx_word' id='word_1_243' title='bbox 2750 3804 2799 3844; x_wconf 93' lang='lat' dir='ltr'><strong>s.</strong></span> <span class='ocrx_word' id='word_1_244' title='bbox 2833 3779 3183 3846; x_wconf 86' lang='lat' dir='ltr'><strong>Salvatoris</strong></span> <span class='ocrx_word' id='word_1_245' title='bbox 3215 3801 3274 3866; x_wconf 93' lang='lat' dir='ltr'><strong>q.</strong></span> <span class='ocrx_word' id='word_1_246' title='bbox 3311 3779 3371 3845; x_wconf 90' lang='lat' dir='ltr'><strong>d.</strong></span> 
     </span>
     <span class='ocr_line' id='line_1_29' title="bbox 484 3883 3373 3970; baseline -0.002 -17"><span class='ocrx_word' id='word_1_247' title='bbox 484 3887 1013 3953; x_wconf 82' lang='lat' dir='ltr'><strong>Constantiniana</strong></span> <span class='ocrx_word' id='word_1_248' title='bbox 1075 3891 1142 3950; x_wconf 86' lang='lat' dir='ltr'><strong>et</strong></span> <span class='ocrx_word' id='word_1_249' title='bbox 1186 3908 1234 3949; x_wconf 88' lang='lat' dir='ltr'><strong>s.</strong></span> <span class='ocrx_word' id='word_1_250' title='bbox 1277 3884 1583 3950; x_wconf 90' lang='lat' dir='ltr'><strong>Iohannis</strong></span> <span class='ocrx_word' id='word_1_251' title='bbox 1638 3884 1814 3970; x_wconf 87' lang='lat' dir='ltr'><strong>bapt.</strong></span> <span class='ocrx_word' id='word_1_252' title='bbox 1874 3884 2049 3949; x_wconf 89' lang='lat' dir='ltr'><strong>locat</strong></span> <span class='ocrx_word' id='word_1_253' title='bbox 2107 3885 2172 3948; x_wconf 94' lang='lat' dir='ltr'><strong>in</strong></span> <span class='ocrx_word' id='word_1_254' title='bbox 2227 3886 2483 3949; x_wconf 89' lang='lat' dir='ltr'><strong>tertiam</strong></span> <span class='ocrx_word' id='word_1_255' title='bbox 2542 3886 3023 3970; x_wconf 86' lang='lat' dir='ltr'><strong>generationem</strong></span> <span class='ocrx_word' id='word_1_256' title='bbox 3071 3883 3373 3968; x_wconf 88' lang='lat' dir='ltr'><strong>Iordano,</strong></span> 
     </span>
    </p>
   </div>
   <div class='ocr_carea' id='block_1_12' title="bbox 485 3988 2297 4166">
    <p class='ocr_par' dir='ltr' id='par_1_12' title="bbox 485 3988 2297 4166">
     <span class='ocr_line' id='line_1_30' title="bbox 485 3988 2263 4073; baseline -0.002 -18"><span class='ocrx_word' id='word_1_257' title='bbox 485 3991 616 4055; x_wconf 87' lang='lat' dir='ltr'><strong>filio</strong></span> <span class='ocrx_word' id='word_1_258' title='bbox 664 3989 927 4055; x_wconf 91' lang='lat' dir='ltr'><strong>Iordani</strong></span> <span class='ocrx_word' id='word_1_259' title='bbox 972 3991 1151 4055; x_wconf 86' lang='lat' dir='ltr'><strong>Petri</strong></span> <span class='ocrx_word' id='word_1_260' title='bbox 1195 3990 1454 4072; x_wconf 85' lang='lat' dir='ltr'><strong>Leonis,</strong></span> <span class='ocrx_word' id='word_1_261' title='bbox 1501 3995 1778 4054; x_wconf 88' lang='lat' dir='ltr'><strong>castrum</strong></span> <span class='ocrx_word' id='word_1_262' title='bbox 1825 3988 2263 4073; x_wconf 88' lang='lat' dir='ltr'><strong>Carpinctum.</strong></span> 
     </span>
     <span class='ocr_line' id='line_1_31' title="bbox 864 4099 2297 4166; baseline 0 -13"><span class='ocrx_word' id='word_1_263' title='bbox 864 4119 910 4155; x_wconf 85' lang='lat' dir='ltr'><strong>v.</strong></span> <span class='ocrx_word' id='word_1_264' title='bbox 947 4099 1141 4166; x_wconf 87' lang='lat' dir='ltr'><strong>Roma,</strong></span> <span class='ocrx_word' id='word_1_265' title='bbox 1178 4100 1324 4156; x_wconf 87' lang='lat' dir='ltr'><strong>Eccl.</strong></span> <span class='ocrx_word' id='word_1_266' title='bbox 1360 4120 1403 4156; x_wconf 89' lang='lat' dir='ltr'><strong>s.</strong></span> <span class='ocrx_word' id='word_1_267' title='bbox 1428 4099 1691 4155; x_wconf 87' lang='lat' dir='ltr'><strong>Iohannis</strong></span> <span class='ocrx_word' id='word_1_268' title='bbox 1726 4099 1785 4153; x_wconf 91' lang='lat' dir='ltr'><strong>in</strong></span> <span class='ocrx_word' id='word_1_269' title='bbox 1823 4099 2097 4156; x_wconf 86' lang='lat' dir='ltr'><strong>Laterano</strong></span> <span class='ocrx_word' id='word_1_270' title='bbox 2133 4117 2188 4154; x_wconf 88' lang='lat' dir='ltr'><strong>n.</strong></span> <span class='ocrx_word' id='word_1_271' title='bbox 2213 4100 2297 4154; x_wconf 79' lang='lat'><strong>27.</strong></span> 
     </span>
    </p>
   </div>
   <div class='ocr_carea' id='block_1_13' title="bbox 1734 4392 2129 4583">
    <p class='ocr_par' dir='ltr' id='par_1_13' title="bbox 1734 4392 2129 4583">
     <span class='ocr_line' id='line_1_32' title="bbox 1758 4392 2100 4461; baseline -0.006 -2"><span class='ocrx_word' id='word_1_272' title='bbox 1758 4392 2100 4461; x_wconf 81' lang='lat' dir='ltr'><strong>Anticoli.</strong></span> 
     </span>
     <span class='ocr_line' id='line_1_33' title="bbox 1734 4514 2129 4583; baseline 0.003 -15"><span class='ocrx_word' id='word_1_273' title='bbox 1734 4515 1755 4581; x_wconf 93' lang='lat'><strong>(</strong></span> <span class='ocrx_word' id='word_1_274' title='bbox 1769 4514 2095 4569; x_wconf 85' lang='lat' dir='ltr'><strong>Anticulum</strong></span> <span class='ocrx_word' id='word_1_275' title='bbox 2109 4515 2129 4583; x_wconf 95' lang='lat'>)</span> 
     </span>
    </p>
   </div>
   <div class='ocr_carea' id='block_1_14' title="bbox 487 4652 3376 4953">
    <p class='ocr_par' dir='ltr' id='par_1_14' title="bbox 487 4652 3376 4953">
     <span class='ocr_line' id='line_1_34' title="bbox 704 4652 3376 4743; baseline -0.003 -20"><span class='ocrx_word' id='word_1_276' title='bbox 704 4656 1033 4743; x_wconf 90' lang='lat' dir='ltr'><strong>Oppidum</strong></span> <span class='ocrx_word' id='word_1_277' title='bbox 1113 4657 1489 4723; x_wconf 86' lang='lat' dir='ltr'><strong>Anticulum</strong></span> <span class='ocrx_word' id='word_1_278' title='bbox 1554 4656 1919 4721; x_wconf 89' lang='lat' dir='ltr'><strong>nominatur</strong></span> <span class='ocrx_word' id='word_1_279' title='bbox 1992 4657 2249 4740; x_wconf 88' lang='lat' dir='ltr'><strong>saepius</strong></span> <span class='ocrx_word' id='word_1_280' title='bbox 2315 4656 2482 4719; x_wconf 90' lang='lat' dir='ltr'><strong>inter</strong></span> <span class='ocrx_word' id='word_1_281' title='bbox 2556 4654 2996 4738; x_wconf 88' lang='lat' dir='ltr'><strong>possessiones</strong></span> <span class='ocrx_word' id='word_1_282' title='bbox 3063 4652 3376 4718; x_wconf 86' lang='lat' dir='ltr'><strong>ecclesiae</strong></span> 
     </span>
     <span class='ocr_line' id='line_1_35' title="bbox 490 4755 3376 4848; baseline -0.003 -21"><span class='ocrx_word' id='word_1_283' title='bbox 490 4762 874 4848; x_wconf 88' lang='lat' dir='ltr'><strong>Anagninae</strong></span> <span class='ocrx_word' id='word_1_284' title='bbox 919 4764 983 4826; x_wconf 92' lang='lat' dir='ltr'><strong>in</strong></span> <span class='ocrx_word' id='word_1_285' title='bbox 1027 4763 1379 4848; x_wconf 86' lang='lat' dir='ltr'><strong>privilegiis</strong></span> <span class='ocrx_word' id='word_1_286' title='bbox 1423 4762 1555 4826; x_wconf 91' lang='lat' dir='ltr'><strong>iam</strong></span> <span class='ocrx_word' id='word_1_287' title='bbox 1608 4760 1757 4826; x_wconf 90' lang='lat' dir='ltr'><strong>inde</strong></span> <span class='ocrx_word' id='word_1_288' title='bbox 1807 4758 1888 4824; x_wconf 92' lang='lat' dir='ltr'><strong>ab</strong></span> <span class='ocrx_word' id='word_1_289' title='bbox 1933 4759 2199 4824; x_wconf 88' lang='lat' dir='ltr'><strong>Urbano</strong></span> <span class='ocrx_word' id='word_1_290' title='bbox 2246 4758 2333 4823; x_wconf 91' lang='lat' dir='ltr'><strong>H.</strong></span> <span class='ocrx_word' id='word_1_291' title='bbox 2424 4758 2500 4822; x_wconf 86' lang='lat' dir='ltr'><strong>In</strong></span> <span class='ocrx_word' id='word_1_292' title='bbox 2546 4758 2768 4823; x_wconf 90' lang='lat' dir='ltr'><strong>Cencii</strong></span> <span class='ocrx_word' id='word_1_293' title='bbox 2811 4755 3009 4820; x_wconf 88' lang='lat' dir='ltr'><strong>Libro</strong></span> <span class='ocrx_word' id='word_1_294' title='bbox 3073 4776 3376 4820; x_wconf 90' lang='lat' dir='ltr'><strong>censuum</strong></span> 
     </span>
     <span class='ocr_line' id='line_1_36' title="bbox 487 4863 2419 4953; baseline -0.002 -22"><span class='ocrx_word' id='word_1_295' title='bbox 487 4865 551 4931; x_wconf 81' lang='lat' dir='ltr'><strong>S.</strong></span> <span class='ocrx_word' id='word_1_296' title='bbox 593 4865 672 4931; x_wconf 84' lang='lat' dir='ltr'><strong>R.</strong></span> <span class='ocrx_word' id='word_1_297' title='bbox 704 4867 779 4933; x_wconf 80' lang='lat' dir='ltr'><strong>E.</strong></span> <span class='ocrx_word' id='word_1_298' title='bbox 828 4866 961 4953; x_wconf 92' lang='lat' dir='ltr'><strong>(ed.</strong></span> <span class='ocrx_word' id='word_1_299' title='bbox 1006 4866 1596 4932; x_wconf 83' lang='lat' dir='ltr'><strong>Fabre—Duchesne</strong></span> <span class='ocrx_word' id='word_1_300' title='bbox 1641 4864 1677 4928; x_wconf 94' lang='lat' dir='ltr'>I</span> <span class='ocrx_word' id='word_1_301' title='bbox 1728 4863 1835 4949; x_wconf 83' lang='lat'><strong>12)</strong></span> <span class='ocrx_word' id='word_1_302' title='bbox 1878 4870 2181 4928; x_wconf 88' lang='lat' dir='ltr'><strong>notantur</strong></span> <span class='ocrx_word' id='word_1_303' title='bbox 2224 4863 2419 4929; x_wconf 90' lang='lat' dir='ltr'><strong>haec:</strong></span> 
     </span>
    </p>
   </div>
   <div class='ocr_carea' id='block_1_15' title="bbox 486 4982 3377 5300">
    <p class='ocr_par' dir='ltr' id='par_1_15' title="bbox 486 4982 3377 5300">
     <span class='ocr_line' id='line_1_37' title="bbox 794 4982 3377 5074; baseline -0.004 -20"><span class='ocrx_word' id='word_1_304' title='bbox 794 4988 1148 5074; x_wconf 83' lang='lat' dir='ltr'><strong>„Homines</strong></span> <span class='ocrx_word' id='word_1_305' title='bbox 1193 4988 1274 5055; x_wconf 87' lang='lat' dir='ltr'><strong>de</strong></span> <span class='ocrx_word' id='word_1_306' title='bbox 1318 4987 1622 5054; x_wconf 81' lang='lat' dir='ltr'><strong>Anticulo</strong></span> <span class='ocrx_word' id='word_1_307' title='bbox 1666 4987 1722 5052; x_wconf 93' lang='lat' dir='ltr'>L</span> <span class='ocrx_word' id='word_1_308' title='bbox 1767 4985 2064 5071; x_wconf 89' lang='lat' dir='ltr'><strong>scapulas</strong></span> <span class='ocrx_word' id='word_1_309' title='bbox 2107 4986 2405 5070; x_wconf 89' lang='lat' dir='ltr'><strong>porcinas</strong></span> <span class='ocrx_word' id='word_1_310' title='bbox 2450 4990 2517 5051; x_wconf 88' lang='lat' dir='ltr'><strong>et</strong></span> <span class='ocrx_word' id='word_1_311' title='bbox 2547 4983 3012 5070; x_wconf 86' lang='lat' dir='ltr'><strong>quinquaginta</strong></span> <span class='ocrx_word' id='word_1_312' title='bbox 3043 4982 3377 5067; x_wconf 89' lang='lat' dir='ltr'><strong>placentas</strong></span> 
     </span>
     <span class='ocr_line' id='line_1_38' title="bbox 572 5094 1307 5159; baseline 0.001 -2"><span class='ocrx_word' id='word_1_313' title='bbox 572 5094 640 5158; x_wconf 89' lang='lat' dir='ltr'><strong>in</strong></span> <span class='ocrx_word' id='word_1_314' title='bbox 685 5094 850 5159; x_wconf 83' lang='lat' dir='ltr'><strong>festo</strong></span> <span class='ocrx_word' id='word_1_315' title='bbox 896 5094 1307 5159; x_wconf 81' lang='lat' dir='ltr'><strong>nativitatis.“</strong></span> 
     </span>
     <span class='ocr_line' id='line_1_39' title="bbox 486 5211 2454 5300; baseline -0.002 -22"><span class='ocrx_word' id='word_1_316' title='bbox 486 5213 827 5279; x_wconf 86' lang='lat' dir='ltr'><strong>Nescimus</strong></span> <span class='ocrx_word' id='word_1_317' title='bbox 871 5235 1044 5300; x_wconf 80' lang='lat' dir='ltr'><strong>vero,</strong></span> <span class='ocrx_word' id='word_1_318' title='bbox 1093 5215 1348 5300; x_wconf 91' lang='lat' dir='ltr'><strong>quando</strong></span> <span class='ocrx_word' id='word_1_319' title='bbox 1396 5233 1622 5280; x_wconf 89' lang='lat' dir='ltr'><strong>census</strong></span> <span class='ocrx_word' id='word_1_320' title='bbox 1663 5212 1770 5277; x_wconf 87' lang='lat' dir='ltr'><strong>hic</strong></span> <span class='ocrx_word' id='word_1_321' title='bbox 1814 5211 2011 5277; x_wconf 84' lang='lat' dir='ltr'><strong>fuerit</strong></span> <span class='ocrx_word' id='word_1_322' title='bbox 2057 5213 2454 5276; x_wconf 86' lang='lat' dir='ltr'><strong>constitutus.</strong></span> 
     </span>
    </p>
   </div>
  </div>
 </body>
</html>
