4055 6069
1619 446 1801 507 niodo.
1829 481 1897 492 -
1931 447 2185 508 viterbo.
3216 458 3339 522 207

454 625 496 685 1
2577 677 2582 683 .
2848 631 3020 693 1146
3062 628 3192 696 dec.
3218 632 3259 693 6

454 725 765 791 Girardus
809 747 1026 792 comes
1071 727 1153 792 de
1198 727 1492 793 Vetralla
1538 727 1786 813 obligat
1828 728 1936 794 Eu
1951 749 2041 814 ge
2058 731 2184 794 nio
2230 729 2337 794 III
2395 731 2658 816 eiusque
2712 731 3183 798 successoribus
3225 755 3342 819 pro

453 831 721 915 pignore
766 830 832 894 in
876 851 1125 895 summa
1172 835 1295 896 200
1340 830 1645 896 librarum
1691 839 1965 897 castrum
2002 855 2077 920 ‚q.
2119 855 2178 898 v.
2224 834 2685 901 Petronianum
2742 835 3210 920 (Petriynano).
3259 874 3342 884 —

452 932 594 1019 Ego
643 932 913 1028 Guinizo
959 934 1155 999 iudex
1201 936 1539 1020 complevi.
1680 984 1689 990 -
2115 947 2135 965 ²

662 1046 890 1101 Albinus
924 1046 1010 1101 lib.
1034 1046 1135 1101 XI
1151 1061 1194 1102 c.
1214 1055 1293 1102 10.
1354 1046 1578 1103 &nefus
1609 1064 1653 1101 c.
1679 1055 1763 1102 95.
1789 1079 1854 1088 —-
1881 1046 2029 1101 Edd.
2057 1048 2339 1103 Muratori
2363 1049 2550 1119 Antiq.
2579 1049 2790 1106 11569.
2853 1049 2916 1105 F
2912 1049 3344 1106 alm-Dmlaaene

454 1134 495 1187 1
521 1140 640 1191 384.
677 1164 744 1173 -
782 1132 913 1203 neq.
952 1133 1060 1188 JL.
1097 1164 1182 1188 -.

450 1257 839 1445 {tayneriuffi
907 1358 1164 1425 Girardi
1220 1360 1475 1424 comItis
1530 1359 1732 1444 filius,
1802 1358 2051 1444 obligat
2106 1360 2456 1448 Eugenio
2501 1360 2605 1425 111
2672 1362 2808 1426 iure
2830 1260 3181 1448 Ipffgndx.
3213 1258 3341 1448 {wo

454 1466 534 1527 42
579 1462 759 1528 libris
820 1463 965 1529 den.
1022 1462 1488 1528 affortiatorum
1549 1461 1840 1551 [Lucen.]
1902 1485 1981 1529 ea
2050 1486 2215 1550 quae
2284 1466 2347 1529 in
2414 1464 2756 1530 Plautiano
2824 1465 3210 1549 (Piazzano)
3276 1474 3344 1532 et

453 1566 743 1632 Mairano
802 1566 1179 1651 (Mazzano)
1245 1567 1445 1633 habet
1503 1569 1670 1632 intus
1728 1567 1830 1633 vel
1886 1567 2061 1633 foris.
2120 1609 2203 1617 -—
2262 1569 2401 1654 Ego
2470 1568 2704 1635 Petrus
2770 1569 2967 1635 iudex
3010 1571 3342 1638 Vetrallae

453 1671 789 1756 complevi.

660 1773 894 1829 Albinus
938 1774 1025 1831 lib.
1079 1774 1183 1829 XI
1213 1792 1257 1831 c.
1298 1784 1371 1829 11.
1447 1773 1675 1831 Oeneius
1719 1791 1762 1831 c.
1800 1782 1876 1832 96.
1933 1807 1998 1815 —
2055 1775 2205 1830 Edd.
2256 1776 2538 1832 Muratom'
2593 1778 2778 1846 Antiq.
2835 1777 2905 1831 11
2941 1784 3054 1834 559.
3138 1775 3343 1831 Fabi-e-

452 1860 737 1915 Duchesnc
772 1862 813 1915 I
840 1869 957 1917 384.
993 1891 1058 1903 —
1097 1861 1222 1931 Ray.
1257 1861 1376 1917 JL.
1413 1892 1494 1916 —.
1592 1882 1599 1891 ·

450 1985 495 2045 3
3024 1986 3255 2069 (1153)

451 2086 804 2172 Assalitus‚
864 2088 1033 2152 filius
1080 2088 1401 2174 quondam
1449 2089 1701 2154 comitis
1747 2088 2025 2155 Gerardi
2070 2089 2152 2155 de
2197 2088 2451 2174 Guitto,
2501 2091 2567 2154 in
2611 2090 2976 2175 praesentia
3021 2089 3232 2155 Gentii
3278 2095 3344 2154 et

453 2189 743 2256 Oddonis
787 2191 1149 2278 Fraiapane
1191 2193 1621 2279 aliorumque,
1677 2193 1791 2259 dat
1834 2195 1897 2258 in
1943 2215 2169 2258 manus
2213 2193 2543 2278 Eugenii
2589 2193 2724 2278 ΠΙ,
2770 2193 3339 2259 intervenientibus

451 2317 569 2380 pro
618 2317 694 2361 eo
724 2294 983 2361 Ubaldo
1026 2296 1239 2382 presb.
1273 2297 1445 2362 card.
1493 2320 1542 2361 s.
1576 2297 1895 2363 Praxedis
1940 2304 2007 2363 et
2033 2297 2357 2363 Rollando
2389 2297 2599 2383 presb.
2634 2297 2806 2363 card.
2840 2302 2906 2363 et
2936 2298 3340 2381 cancellario,

451 2420 793 2483 personam
840 2421 1022 2465 suam
1072 2407 1140 2465 et
1184 2402 1400 2465 omnia
1443 2400 1614 2466 bona
1660 2408 1727 2467 et
1771 2405 1928 2488 iura,
1978 2423 2146 2487 quae
2190 2401 2390 2467 habet
2435 2402 2500 2465 in
2544 2402 2866 2486 Vetralla,
2912 2403 2976 2466 in
3021 2409 3229 2468 castro
3277 2408 3343 2467 et

450 2523 659 2580 rocoa,
706 2505 875 2569 intus
922 2511 986 2570 et
1031 2504 1291 2570 deforis.

655 2613 883 2668 Albinus
918 2613 1004 2668 Ζῶ.
1036 2614 1131 2668 XI
1164 2631 1210 2670 c.
1237 2623 1282 2670 9.
1360 2614 1588 2671 cencius
1621 2631 1667 2671 c.
1693 2623 1775 2670 94.
1814 2647 1879 2655 —
1918 2615 2065 2671 Edd.
2106 2615 2334 2670 Theiner
2361 2614 2488 2670 Coa,
2514 2615 2645 2684 dipl.
2669 2616 2806 2671 dmn.
2841 2621 2991 2685 temp.
3023 2616 3058 2670 1
3090 2627 3147 2672 14
3183 2635 3237 2672 n.
3266 2625 3341 2674 17.

452 2700 933 2756 Fabre-Duchesne
971 2701 1006 2755 1
1039 2708 1159 2756 383.
1197 2733 1262 2742 -
1300 2702 1433 2771 Ray.
1474 2703 1638 2757 Pina·
1672 2702 1853 2757 Storia
1889 2702 1948 2756 di
1996 2702 2203 2757 Viterbo
2239 2703 2277 2756 1
2309 2709 2408 2757 137
2437 2709 2544 2757 not.
2598 2702 2709 2757 JL.
2747 2732 2830 2758 -.

1628 2985 2169 3063 VITERBO.
2469 3045 2472 3050 ,

1338 3097 1692 3169 (viterbium.
1749 3097 2059 3154 Biterbum.
2112 3097 2454 3167 Biterbium)

648 3235 1004 3307 Hyacinthus
1044 3235 1136 3292 De
1171 3234 1548 3290 Nobilibus
1593 3233 1828 3290 Cronica
1872 3233 2265 3306 episcoporum
2321 3234 2575 3291 civitatis
2617 3235 2860 3292 Viterbii
2904 3239 2962 3293 et
3011 3236 3339 3304 Tuscaniae‚

447 3340 546 3378 ms.
603 3342 645 3378 s.
680 3322 812 3378 XVI
859 3341 967 3389 ex„
1020 3322 1233 3393 Napoli
1288 3321 1435 3377 Bibl.
1490 3320 1908 3376 Brancacciana
1955 3321 2010 3375 II
2059 3324 2106 3375 A
2153 3322 2218 3376 19
2274 3321 2365 3390 (cf.
2401 3321 2565 3376 Bussi
2619 3340 2673 3392 p.
2701 3322 2875 3392 XIII).
2930 3354 2996 3362 —-
3051 3323 3342 3396 Ughelli

452 3412 468 3442 ¹
508 3409 579 3463 1*
611 3410 717 3466 305
735 3428 845 3480 sq.;
905 3413 928 3444 ²
966 3411 989 3464 1
1027 3410 1157 3465 1401
1180 3428 1262 3479 sq.
1330 3439 1394 3448 —
1447 3409 1601 3463 Dom.
1638 3406 1942 3462 Bianchi
1987 3406 2189 3463 Istoria
2236 3407 2294 3462 di
2333 3407 2592 3474 viterbo,
2645 3427 2745 3464 ms.
2791 3428 2832 3464 s.
2871 3409 3060 3476 XVII,
3105 3409 3340 3466 Viterbo

444 3494 591 3551 Bibl.
618 3497 923 3554 comunale.
957 3526 1022 3537 —
1054 3495 1233 3566 (Petri
1269 3495 1435 3551 Core
1452 3495 1615 3564 tini)
1660 3494 1964 3566 Catalogus
1986 3494 2380 3565 episcoporum
2405 3494 2650 3550 omnium
2674 3494 2936 3562 viterbii,
2971 3513 3070 3550 ms.
3097 3514 3139 3552 s.
3166 3496 3339 3558 XVII.

448 3580 680 3639 Viterbo
716 3583 881 3638 Arcb.
919 3582 1229 3653 capitolare
1279 3582 1399 3638 cod.
1435 3581 1502 3637 28
1542 3582 1633 3649 (cf.
1671 3580 1838 3653 Egidi
1873 3600 1930 3652 p.
1955 3581 2063 3650 24).
2109 3611 2176 3621 —
2221 3580 2282 3635 P.
2310 3579 2471 3636 Core
2487 3580 2620 3636 tini
2665 3582 2745 3638 De
2781 3581 3060 3652 episcopis
3096 3582 3341 3639 Viterbii

446 3667 771 3738 provinciae
814 3669 1148 3725 Patrimonii
1192 3667 1520 3740 metropolis
1572 3685 1788 3723 summa
1842 3666 2240 3738 chronologica
2290 3671 2306 3701 ¹
2341 3666 2607 3737 (Viterbii
2646 3668 2796 3724 1640.
2866 3668 3168 3739 Exemplar
3211 3687 3338 3725 cum

449 3754 909 3811 adnotationibus
944 3754 1223 3811 Dominici
1260 3753 1443 3825 Magri
1483 3754 1764 3821 Meliten..
1809 3753 1945 3810 eccl.
1984 3753 2231 3809 cathedr.
2268 3752 2553 3822 canonici,
2600 3758 2789 3810 exstat
2823 3754 3067 3826 Neapoli
3103 3754 3161 3810 in
3197 3755 3337 3813 bibl.

446 3838 863 3897 Brancacciana
907 3843 959 3896 11
1007 3843 1052 3896 A
1086 3845 1166 3909 4);
1216 3845 1239 3876 ²
1275 3840 1743 3908 (Constitutiones
1794 3841 1983 3896 editae
2029 3840 2089 3894 in
2135 3839 2467 3896 dioecesana
2515 3843 2726 3910 synodo
2774 3841 2976 3898 habita
3013 3842 3256 3899 Viterbii
3303 3859 3337 3897 a

445 3927 924 3984 card..ancacio
958 3928 1026 3983 25
1049 3931 1193 3999 sept.
1223 3929 1372 3983 1639.
1428 3927 1671 3983 Viterbii
1710 3928 1893 3997 1640);
1932 3930 1954 3962 ⁸
1979 3926 2450 3996 (Constitutiones
2473 3927 2662 3984 editae
2703 3929 2775 3984 ab
2802 3928 3065 4000 episcopo
3091 3929 3337 3985 Adriano

446 4010 854 4070 Sermatthaeio
905 4031 956 4069 a.
997 4015 1146 4070 1724.
1209 4013 1453 4071 Viterbii
1489 4015 1663 4083 1726).
1714 4045 1781 4055 --
1836 4015 1878 4068 F
1880 4030 2029 4069 rane.
2067 4013 2363 4069 Mariani
2414 4014 2495 4070 De
2537 4014 2762 4070 Etruria
2812 4014 3138 4085 metropoli,
3192 4032 3338 4083 quae

447 4098 779 4164 Turffienia,
837 4099 1130 4166 Tursenia‚
1176 4099 1453 4155 Tuscania
1500 4103 1673 4168 atque
1722 4098 1893 4154 etiam
1929 4097 2212 4155 Beterbon
2260 4098 2416 4154 dicta
2467 4103 2568 4155 est.
2649 4100 2890 4156 Additur
2938 4101 3007 4155 de
3055 4099 3339 4171 episcopis

445 4183 891 4243 Viterbiensibus
927 4204 1208 4258 parergon
1246 4185 1476 4253 (Romae
1512 4186 1687 4254 1728).
1746 4215 1805 4228 ο-
1847 4187 1888 4241 F
1890 4203 2041 4241 rane.
2080 4184 2376 4242 Mariani
2414 4185 2592 4242 Breve
2626 4185 2837 4242 notizia
2871 4187 3017 4242 delle
3052 4187 3336 4244 antichita

445 4270 502 4324 di
528 4271 763 4328 Viterbo
800 4273 957 4328 detto
981 4272 1220 4338 Etruria,
1259 4273 1529 4328 Turrenia
1565 4290 1597 4329 e
1623 4272 1921 4338 Tuscani&
1959 4291 1989 4328 e
2025 4273 2177 4329 della
2210 4273 2466 4328 cattedra
2490 4273 2575 4330 de'
2593 4272 2813 4330 vescovi
2850 4275 2936 4342 (In
2959 4272 3137 4330 Roma
3164 4274 3337 4342 1730).

444 4387 511 4398 —
548 4359 715 4414 Andr.
752 4359 923 4415 Girol.
962 4361 1057 4415 An
1072 4359 1344 4417 dreucci
1396 4359 1618 4416 Notizie
1668 4359 1932 4417 istoriche
1979 4360 2066 4416 de'
2086 4358 2319 4432 gloriosi
2366 4359 2455 4415 SS.
2483 4360 2786 4417 Valentino
2839 4363 2999 4430 prete
3047 4361 3118 4417 ed
3166 4360 3338 4417 llario

446 4444 680 4501 diacono
704 4444 924 4501 martiri
951 4445 1228 4503 Viterbesi
1265 4448 1351 4514 (In
1376 4446 1554 4503 Roma
1582 4447 1754 4514 1740).
1796 4475 1858 4487 -
1897 4445 2184 4502 Feliciano
2222 4446 2418 4502 Bussi
2453 4446 2656 4503 Istoria
2680 4446 2830 4503 della
2854 4446 2999 4502 citta
3024 4447 3082 4504 di
3103 4447 3338 4504 Viterbo

449 4530 533 4597 (In
569 4530 748 4587 Roma
776 4533 926 4587 1742.
981 4532 1160 4587 Huius
1196 4533 1381 4604 operis
1415 4535 1681 4590 volumen
1717 4535 1771 4588 11
1807 4533 2249 4603 manuscriptum
2285 4533 2613 4588 adservatur
2634 4530 2881 4589 Viterbii
2924 4533 2985 4589 in
3027 4532 3168 4589 bibl.
3203 4532 3338 4588 civi·

446 4618 621 4686 tatis).
659 4650 727 4660 -
762 4618 913 4687 (Pier
937 4619 1103 4691 Luigi
1138 4620 1485 4688 Galletti)
1522 4621 1751 4677 Lettera
1774 4638 1942 4692 sopra
1965 4620 2154 4674 alcuni
2180 4619 2399 4676 antichi
2425 4619 2649 4676 vescovi
2685 4618 2744 4674 di
2770 4619 3002 4676 Viterbo
3040 4622 3096 4688 (a
3115 4619 3334 4676 Gionan

447 4704 692 4762 Antonio
727 4706 1000 4762 Berretta.
1056 4706 1233 4762 Roma
1269 4708 1336 4762 15
1362 4706 1575 4779 giugno
1614 4708 1746 4763 1757
1783 4706 1865 4761 in:
1902 4705 2168 4762 Giornale
2203 4705 2294 4761 dei
2334 4705 2607 4762 Letterati
2644 4724 2696 4763 a.
2730 4706 2866 4762 1757
2903 4724 2957 4777 p.
2991 4707 3085 4762 161
3108 4708 3230 4775 sq.).
3267 4735 3336 4747 —·

446 4790 699 4848 Gaetano
725 4791 888 4847 Core
900 4791 1032 4847 tini
1059 4791 1221 4848 Brevi
1244 4791 1452 4849 notizie
1478 4792 1630 4848 della
1656 4791 1799 4849 citta
1824 4790 2132 4848 diViterbo
2155 4809 2186 4848 e
2210 4791 2363 4864 degli
2385 4792 2598 4848 nomini
2622 4791 2830 4848 illustri
2855 4793 3010 4848 dalla
3032 4791 3337 4848 medesima

447 4877 802 4948 prodotti<1n
824 4879 999 4934 Roma
1021 4879 1191 4947 1774).
1221 4909 1275 4918 -
1307 4880 1375 4936 G.
1393 4877 1703 4936 Coretini
1728 4879 1782 4934 N
1786 4877 1952 4935 otizie
1978 4878 2070 4935 dei
2090 4879 2315 4935 vescovi
2339 4879 2396 4934 di
2416 4879 2667 4945 viterbo.
2693 4898 2792 4935 ms.
2811 4897 2853 4934 s.
2872 4878 3078 4944 XVIII,
3099 4878 3334 4933 Viterbo

447 4962 594 5020 Bibl.
629 4966 937 5020 comunale.
975 4996 1039 5006 —
1084 4967 1279 5021 Franc.
1319 4968 1448 5021 Ant.
1485 4964 1843 5021 Turriozzi
1892 4966 2058 5021 Mem.
2094 4965 2250 5022 istor.
2287 4966 2438 5022 della
2473 4965 2618 5023 eitta
2653 4965 2936 5023 Tuscania
2979 4983 3034 5035 p.
3062 4965 3127 5020 73
3147 4982 3229 5034 sq.
3266 4995 3333 5005 —

451 5050 913 5122 Eug.Sarzana
965 5053 1130 5108 Della
1184 5052 1431 5122 capitale
1476 5051 1960 5108 de'Tuscaniensi.
2014 5083 2082 5093 —
2136 5052 2442 5108 Marocco
2496 5051 2844 5109 Monumenti
2895 5051 3025 5106 XIV
3081 5052 3112 5105 7
3148 5068 3231 5120 sq.
3270 5080 3329 5092 —

445 5138 641 5194 Franc.
676 5137 906 5194 Orioli
939 5136 1173 5195 Viterbo
1215 5157 1247 5195 e
1293 5139 1336 5194 il
1382 5156 1480 5194 suo
1518 5138 1799 5194 territorio
1845 5138 1934 5193 in:
1988 5137 2250 5194 Giornale
2300 5139 2557 5195 arcadico
2604 5139 2662 5194 di
2700 5139 2876 5196 Roma
2912 5137 3117 5194 CXVII
3153 5136 3331 5205 (1849)

443 5224 546 5280 262
560 5243 667 5295 sq.;
720 5224 953 5280 CXVIII
999 5227 1099 5283 105
1120 5244 1201 5296 sq.
1257 5256 1323 5266 -
1379 5225 1440 5282 F.
1476 5224 1701 5281 Orioli
1745 5224 1817 5280 Di
1860 5225 2058 5281 alcune
2095 5224 2356 5281 memorie
2392 5225 2476 5281 de'
2502 5227 2671 5296 primi
2705 5225 2877 5283 secoli
2913 5226 3060 5296 dopo
3096 5223 3139 5279 il
3174 5223 3332 5282 mille
