4055 6069
625 453 753 516 220
1944 449 2187 508 Latium.

625 624 735 690 ubi
780 626 950 691 male
995 625 1233 711 legitur
1275 647 1444 691 mon.
1493 648 1541 690 s.
1573 625 1916 711 Augustini
1975 626 2055 691 de
2114 628 2333 692 Monte
2382 626 2579 713 Albo)
2634 628 2850 693 refert.
2953 629 3112 694 Post
3169 629 3505 695 concilium

625 731 964 815 generale,
1010 732 1051 794 i.
1102 751 1157 794 9.
1204 737 1351 814 post
1395 752 1451 794 a.
1493 734 1676 813 1215,
1737 733 2195 796 monasterium
2251 755 2298 796 s.
2344 733 2690 817 Augustini
2746 733 3208 798 institutionem
3266 733 3497 799 Cister-

494 902 497 905 ,
626 834 929 898 ciensium
978 835 1241 919 recepit,
1288 839 1359 897 ut
1403 834 1674 920 legimus
1718 836 1784 898 in
1829 834 2127 920 Gregorii
2172 836 2271 900 IX
2316 837 2650 922 privilegio
2705 835 2813 921 (cf.
2862 837 3280 903 Janauschek
3325 837 3501 924 Orig.

626 937 998 1003 cistercien.
1069 960 1130 1022 p.
1187 943 1310 1005 236
1369 961 1430 1003 n.
1474 943 1627 1020 615,
1698 940 1806 1022 qui
1873 946 2091 1004 tamen
2155 941 2611 1005 monasterium
2678 941 2743 1005 in
2809 940 3115 1025 Apuliam
3182 941 3501 1028 collocat).

625 1041 795 1106 Dein
839 1043 1085 1106 unitum
1130 1044 1517 1107 monasterio
1565 1065 1613 1106 s.
1646 1044 1974 1107 Anastasii
2016 1044 2102 1109 ad
2146 1046 2370 1130 Aquas
2416 1044 2662 1110 Salvias
2707 1044 2789 1110 de
2834 1044 3012 1111 Urbe
3056 1044 3165 1129 (cf.
3205 1044 3506 1110 Potthast

627 1144 794 1230 Reg.
857 1146 1129 1232 13958),
1185 1145 1268 1211 ab
1324 1146 1695 1213 Innocentio
1754 1147 1851 1211 IV
1908 1169 1965 1211 a.
2020 1151 2181 1213 1252
2242 1149 2389 1213 mai.
2436 1152 2473 1213 8
2529 1148 2841 1214 ecclesiae
2909 1171 2958 1212 9.
3006 1148 3355 1214 Salvatoris
3423 1150 3503 1215 de

625 1248 914 1313 Lavania
957 1250 1223 1316 Ianuen.
1273 1250 1475 1316 dioec.
1509 1251 1811 1316 collatum
1858 1250 2135 1336 (Berger
2161 1252 2290 1316 Les
2320 1254 2623 1338 registres
2653 1252 2713 1317 d’
2741 1253 3049 1317 Innocent
3079 1252 3177 1318 IV
3207 1258 3249 1318 t.
3283 1252 3390 1316 111
3421 1258 3502 1319 46

625 1373 686 1416 11.
721 1355 918 1429 5669;
965 1353 1044 1418 cf.
1092 1374 1347 1439 quoque
1394 1354 1753 1420 Innocentii
1781 1355 1879 1419 IV
1922 1357 2231 1440 rescripta
2271 1378 2328 1420 a.
2367 1361 2524 1420 1251
2577 1356 2704 1422 feb.
2738 1359 2840 1439 20,
2887 1377 2943 1420 a.
2985 1359 3156 1422 1253*
3193 1355 3320 1420 feb.
3354 1359 3392 1421 9
3440 1361 3505 1421 91

625 1456 753 1522 iun.
779 1460 946 1520 4-6
978 1457 1149 1542 apud
1180 1459 1430 1543 Berger
1459 1458 1529 1521 Π
1561 1461 1682 1523 234
1716 1480 1776 1523 11.
1811 1463 2010 1536 5311;
2045 1458 2148 1523 ΙΠ
2178 1463 2302 1525 270
2333 1482 2394 1523 11.
2421 1463 2618 1534 6785;
2650 1459 2755 1523 III
2786 1463 2909 1526 272
2941 1482 3001 1524 n.
3028 1461 3503 1545 6795-6798),

626 1559 708 1624 ab
773 1561 1149 1627 Alexandro
1203 1563 1301 1627 IV
1365 1565 1754 1629 monasterio
1823 1586 1873 1627 s.
1926 1565 2254 1629 Anastasii
2328 1563 2407 1629 de
2476 1565 2654 1629 Urbe
2721 1566 3084 1629 restitutum
3167 1584 3342 1648 esse,
3422 1585 3505 1629 ex

624 1664 899 1729 Honorii
942 1665 1041 1730 IV
1095 1654 1431 1753 privilegio
1489 1689 1546 1733 a.
1597 1671 1759 1733 1285
1813 1688 1958 1753 aug.
1992 1673 2030 1731 5
2079 1667 2194 1752 (M.
2228 1667 2403 1732 Prou
2455 1668 2583 1733 Les
2628 1669 2930 1754 registres
2976 1667 3361 1732 d’Honorius
3409 1666 3504 1731 IV

625 1790 687 1852 p.
721 1772 802 1833 98
848 1791 907 1833 11.
947 1772 1097 1855 107)
1142 1769 1505 1835 edocemur.

842 1924 1191 1990 Archivum
1237 1927 1502 2010 periisse
1549 1927 1820 1992 videtur.
1900 1928 2257 1993 Innocentii
2289 1927 2392 1990 ΙΠ
2437 1926 2612 1991 bulla
2658 1948 2716 1991 a.
2764 1930 2925 1991 1204
2973 1928 3156 2011 april.
3191 1929 3271 1990 28
3319 1926 3503 1991 Ρο11-

623 2027 771 2093 hast
809 2028 974 2114 Reg.
1018 2032 1184 2095 2198
1224 2029 1487 2116 Hugoni
1533 2030 1753 2096 abbati
1797 2051 2100 2097 concessa
2157 2038 2369 2096 exstat
2422 2031 2485 2095 in
2544 2032 2680 2095 eius
2720 2032 3008 2115 regestis.
3077 2029 3375 2116 Gregorii
3404 2029 3506 2093 IX

626 2131 1087 2217 amplissimum
1146 2133 1553 2219 privilegium
1614 2156 1670 2199 a.
1711 2140 1872 2200 1235
1931 2136 2067 2200 (199.
2103 2139 2184 2198 20
2237 2134 2503 2221 Pagano
2563 2133 2781 2199 abbati
2827 2134 3140 2199 indultum
3187 2141 3255 2199 et
3296 2135 3504 2217 ipsum

624 2238 835 2321 periit,
882 2236 995 2301 sed
1041 2238 1349 2302 insertum
1397 2245 1495 2303 est
1539 2238 1753 2305 bullae
1784 2237 2037 2304 Nicolai
2069 2238 2132 2303 V
2175 2261 2232 2303 a.
2272 2244 2433 2304 1453
2481 2240 2630 2303 mai.
2664 2243 2723 2322 8,
2772 2260 2936 2323 quae
2985 2240 3135 2303 olim
3166 2237 3506 2323 legebatur

624 2341 691 2403 in
744 2342 881 2404 eius
925 2348 1325 2426 regestorum
1382 2341 1546 2407 libro
1593 2342 1627 2406 I
1692 2364 1857 2407 nunc
1923 2342 2260 2427 deperdito
2319 2343 2420 2408 De
2479 2341 2779 2407 exhibitis
2842 2349 2909 2407 et
2967 2342 3047 2407 de
3104 2339 3505 2426 regularibus

625 2463 684 2507 a.
717 2443 849 2508 VH
896 2443 939 2508 f.
975 2447 1128 2529 259,
1182 2445 1352 2509 unde
1407 2448 1856 2531 transcriptum
1912 2453 2010 2512 est
2061 2448 2128 2510 in
2184 2445 2324 2511 cod.
2385 2446 2556 2511 arch.
2606 2447 2755 2511 vat.
2810 2448 2990 2511 Arm.
3043 2446 3275 2510 XXXI
3336 2451 3378 2510 t.
3423 2448 3503 2510 53

628 2546 672 2612 f.
714 2551 832 2611 119
878 2546 988 2633 (cf.
1036 2547 1213 2613 Gott.
1259 2548 1496 2614 Nachr.
1552 2552 1711 2615 1902
1756 2570 1818 2635 p.
1853 2546 1977 2615 508
2025 2556 2091 2614 et
2140 2552 2302 2614 1903
2349 2571 2411 2634 p.
2446 2548 2619 2634 531).

623 2699 702 2764 *1
3055 2704 3392 2767 1049—54

624 2807 779 2871 Leo
825 2807 927 2872 IX
971 2808 1265 2874 concedit
1310 2809 1715 2895 privilegium
1761 2811 2176 2894 protectionis
2221 2817 2289 2874 et
2334 2810 2650 2875 consentit
2694 2706 3094 2874 translatioili
3137 2706 3508 2873 monasterii

627 2931 666 2974 a
711 2908 931 2977 Monte
977 2911 1129 2978 alto.

833 3021 1014 3079 Laud.
1050 3023 1113 3077 in
1151 3022 1401 3097 Gregorii
1438 3023 1537 3079 IX
1569 3024 1714 3080 bulla
1748 3043 1798 3079 a.
1829 3031 1955 3081 1235
1992 3024 2101 3081 dec.
2128 3031 2212 3081 20.
2251 3055 2314 3066 —
2354 3024 2484 3096 Ray.
2519 3024 2631 3082 JL.
2669 3057 2753 3077 —.

1006 3118 1069 3172 In
1108 3119 1421 3176 Innocentii
1446 3121 1527 3175 ΙΙΙ
1564 3119 1865 3192 privilegio
1902 3120 2170 3177 Potthast
2191 3121 2329 3177 2198
2365 3138 2661 3177 consensus
2699 3120 2849 3176 circa
2873 3118 3298 3175 translationem
3322 3135 3510 3175 mona-

834 3203 992 3261 sterii
1027 3221 1061 3260 a
1097 3205 1288 3262 Monte
1325 3206 1569 3263 Castello
1606 3206 1663 3262 in
1699 3207 1946 3264 Montem
1983 3205 2267 3263 Gentilem
2305 3207 2617 3264 Alexandro
2653 3207 2707 3262 11
2742 3209 2814 3277 (n.
2838 3208 2893 3275 2)
2928 3204 3215 3263 tribuitur.

626 3345 710 3410 *2
3020 3345 3422 3430 (1061-73)

624 3451 685 3518 A
702 3451 725 3515 l
740 3472 775 3516 e
788 3473 834 3515 x
849 3472 939 3516 an
955 3452 996 3516 d
1012 3472 1047 3515 e
1060 3472 1091 3515 r
1135 3451 1204 3514 II
1248 3451 1543 3516 concedit
1586 3450 1991 3537 privilegium
2037 3452 2474 3537 protectionis.

833 3560 1018 3616 Laud.
1053 3562 1116 3616 in
1141 3562 1441 3632 privilegiis
1477 3563 1780 3618 Innocentii
1816 3563 1927 3617 III
1957 3571 2087 3618 1204
2125 3563 2285 3631 april.
2308 3569 2378 3617 28
2425 3561 2674 3616 Potthast
2712 3560 2844 3630 Req.
2881 3565 3006 3615 2198
3041 3564 3088 3613 et
3130 3559 3375 3629 Greyorii
3411 3559 3513 3613 IX

627 3664 676 3701 a.
705 3652 834 3702 1235
867 3647 973 3703 dec.
1001 3656 1084 3704 20.
1120 3681 1191 3691 -
1229 3649 1357 3719 Req.
1395 3649 1504 3705 JL.
1542 3679 1626 3704 —.

624 3786 708 3851 *3
3020 3785 3423 3868 (1120—24)

628 3890 995 3958 Oalixtus
1039 3892 1110 3956 11
1153 3898 1228 3957 ut
1269 3914 1470 3975 supra
1512 3893 1662 3958 n.2.
3065 3930 3069 3936 ·

832 4003 1013 4060 Laud.
1050 4004 1115 4060 in
1151 4003 1399 4075 Gregorii
1435 4004 1534 4060 IX
1563 4005 1709 4059 buna
1743 4022 1794 4060 a.
1821 4011 1952 4061 1235
1985 4004 2092 4060 dec.
2129 4013 2209 4062 20.
2250 4034 2308 4044 -
2350 4004 2485 4072 Εῳ.
2521 4003 2634 4061 JL.
2673 4032 2754 4057 —.

626 4072 707 4138 *4
3025 4071 3426 4154 (1130—43)

626 4177 1137 4244 Innocentius
1181 4178 1253 4243 Π
1293 4184 1369 4244 ut
1409 4200 1610 4261 supra
1650 4200 1715 4244 n.
1746 4178 1807 4244 2.

833 4288 1015 4343 Laud.
1052 4290 1114 4343 in
1152 4290 1400 4360 Greymii
1436 4290 1537 4345 IX
1568 4290 1721 4345 bulla
1757 4307 1808 4345 a.
1836 4297 1958 4347 1236
1989 4290 2100 4346 deo.
2130 4297 2215 4346 20.
2250 4321 2317 4331 ——
2355 4290 2481 4359 Ray.
2517 4289 2633 4347 JL.
2669 4320 2756 4344 —-.

1006 4383 1218 4439 Tamen
1254 4382 1636 4438 Innocentium
1675 4383 1731 4437 11
1766 4382 2186 4455 dispositionem
2224 4381 2550 4439 monasterii
2585 4380 2883 4438 Albarensi
2919 4381 3118 4437 abbati
3153 4380 3508 4446 commisisse,

833 4472 899 4525 ut
943 4469 1273 4540 religionem
1317 4468 1376 4524 in
1414 4470 1606 4526 eodem
1642 4474 1996 4527 conservaret
2040 4474 2100 4526 91
2134 4470 2206 4526 ad
2242 4469 2623 4541 spiritualium
2661 4473 2720 4524 et
2757 4469 3154 4539 temporalium
3190 4468 3511 4524 intenderet

834 4555 1257 4623 incrementum,
1295 4572 1363 4612 ex
1400 4556 1708 4612 Innocentii
1747 4557 1826 4611 111
1862 4557 2129 4612 mandato
2166 4556 2455 4623 (Potthast
2491 4555 2627 4627 Reg.
2664 4555 2824 4624 2568)
2860 4554 3166 4627 colligitur.

626 4679 705 4743 *5
3022 4675 3424 4759 (1159—81)

627 4783 1083 4850 Alexander
1124 4783 1233 4848 III
1274 4789 1349 4848 ut
1388 4804 1589 4865 supra
1632 4803 1696 4848 n.
1727 4785 1791 4850 2.

832 4892 1016 4949 Laud.
1051 4894 1114 4948 in
1155 4894 1396 4965 Greyoeii
1430 4894 1530 4949 IX
1559 4893 1705 4949 buna
1740 4912 1791 4948 a.
1819 4899 1948 4950 1235
1982 4892 2082 4949 doc.
2110 4900 2194 4948 20.
2230 4925 2297 4935 -
2338 4893 2468 4964 13⁶9.
2504 4893 2620 4950 JL.
2656 4923 2742 4947 —.

627 4981 707 5046 *6
3022 4979 3424 5062 (1191-97)

626 5086 1075 5154 Celestinus
1117 5086 1223 5152 III
1267 5091 1340 5150 ut
1381 5106 1583 5170 supra
1624 5107 1690 5150 n.
1719 5088 1782 5150 2.
1818 5112 1833 5127 ·
3415 5127 3428 5168 x

836 5194 1019 5251 Laud.
1055 5198 1119 5251 in
1161 5196 1405 5268 Greyorii
1438 5197 1538 5252 IX
1569 5198 1718 5253 bulla
1753 5215 1803 5255 a.
1830 5202 1952 5252 1236
1985 5195 2089 5252 dcc.
2115 5203 2196 5252 20.
2235 5225 2301 5237 -
2340 5194 2474 5266 Rea.
2510 5196 2619 5251 JL.
2655 5225 2740 5250 —.
