4055 6069
1786 1531 2468 1650 SUTRI

1784 1736 1813 1755 ²
1914 1726 2324 1813 (Sutrium)

883 2030 1028 2102 Ugh
1045 2030 1173 2085 elli
1217 2033 1232 2064 ¹
1262 2030 1284 2083 I
1310 2030 1341 2062 *
1359 2032 1459 2086 189
1478 2048 1584 2099 sq.;
1623 2033 1645 2064 ²
1672 2031 1693 2083 I
1725 2031 1858 2085 1273
1876 2049 1957 2099 sq.
1983 2060 2049 2070 —
2075 2030 2137 2085 P.
2167 2030 2378 2085 Bondi
2417 2029 2678 2086 Memoris
2703 2029 2945 2086 storiche
2970 2030 3116 2085 sulla
3153 2029 3298 2086 citta
3326 2029 3563 2084 Sabazia.

677 2136 774 2173 ora
823 2118 955 2189 lago
1003 2115 1296 2181 Sabafino,
1347 2117 1493 2172 sulla
1555 2116 1769 2188 origine
1822 2116 1880 2172 di
1927 2117 2284 2188 Trevignano
2328 2117 2608 2173 anteriore
2651 2116 2800 2172 assai
2847 2135 2883 2171 a.
2929 2117 3119 2186 quella
3165 2116 3223 2171 di
3256 2115 3562 2171 Braeciano

678 2222 708 2260 e
745 2204 1091 2275 Anguillara,
1127 2203 1273 2258 sulla
1315 2208 1476 2259 vasta
1500 2209 1741 2275 potenza
1776 2204 1926 2259 della
1959 2203 2220 2274 famiglia
2245 2204 2445 2270 Orsini,
2483 2221 2513 2259 e
2549 2204 2748 2275 saggio
2785 2203 2990 2259 storico
3026 2203 3152 2258 sull'
3173 2201 3564 2258 antichissima

678 2290 823 2346 citta
861 2289 918 2343 di
962 2289 1115 2345 Sutri
1159 2289 1408 2357 (Firenze
1447 2292 1619 2356 1836).
1668 2324 1734 2332 ——
1788 2291 2102 2346 Marocco
2139 2290 2486 2347 Monumenti
2525 2291 2656 2345 XIV
2696 2292 2796 2346 124
2817 2308 2897 2360 sq.
2952 2319 3016 2329 —
3073 2288 3307 2359 Nibby
3344 2288 3565 2344 Analisi

681 2377 808 2430 ²111
847 2377 942 2432 131
966 2394 1045 2445 sq.
1073 2406 1138 2416 ——
1177 2376 1619 2447 Cappelletti
1643 2376 1721 2430 VI
1758 2378 1958 2446 224sq.
1988 2408 2051 2417 —
2085 2377 2185 2433 Mo
2201 2377 2354 2432 roni
2391 2378 2709 2433 Dizionario
2748 2377 2923 2431 LXXI
2950 2378 3017 2432 95
3037 2394 3142 2445 sq.;
3181 2375 3281 2430 (211
3307 2377 3370 2431 61
3393 2394 3474 2444 sq.
3499 2406 3561 2415 —

677 2462 741 2519 G.
769 2463 1197 2518 Tomassetti
1238 2463 1298 2517 in
1334 2463 1499 2519 Arch.
1537 2463 1688 2518 della
1723 2463 1840 2519 Soc.
1891 2466 2049 2520 Rom.
2083 2463 2133 2517 V
2170 2464 2347 2533 (1882)
2395 2466 2498 2520 626
2516 2483 2597 2534 sq.
2652 2496 2714 2505 —
2772 2464 2832 2519 C.
2857 2462 3334 2534 Nispi-Landi
3376 2460 3564 2517 Storia

679 2550 807 2604 den·
841 2549 1233 2605 antichissima
1292 2550 1436 2607 citta
1494 2550 1551 2604 di
1600 2550 1754 2606 Sutri
1813 2551 2013 2620 (Roma
2062 2551 2221 2618 1887,
2286 2550 2384 2620 qui
2445 2570 2499 2621 p.
2549 2552 2652 2607 636
2694 2570 2774 2620 sq.
2834 2549 3011 2606 fusius
3070 2550 3137 2606 de
3197 2547 3563 2620 scriptoribus

677 2636 918 2692 Sutrinis
953 2636 1114 2707 agit).

1682 2826 2156 2914 Episcopatus
2201 2827 2564 2899 Sutrinos.

894 2986 1196 3068 Sutrium,
1242 2987 1573 3071 antiquum
1604 2984 2018 3051 Etruscorum
2052 2985 2378 3072 oppidum,
2425 2986 2578 3050 licet
2603 2986 2736 3049 iam
2769 3005 2936 3050 saec.
2969 2983 3066 3049 VI
3098 3004 3198 3049 ex.
3233 3006 3271 3048 a
3300 2984 3560 3068 Lango-

681 3092 895 3156 bardis
941 3092 1229 3155 invasum
1276 3098 1341 3156 et
1371 3089 1580 3155 denuo
1629 3113 1666 3154 a
1697 3091 2095 3175 Liutprando
2143 3112 2296 3175 rege
2327 3089 2900 3173 Langobardorum
2933 3095 3314 3175 occupatum
3345 3087 3563 3173 (Pauli

681 3194 843 3259 diac.
890 3195 1057 3258 Hist.
1103 3194 1393 3280 Langob.
1440 3194 1547 3259 lib.
1580 3194 1678 3258 IV
1723 3216 1775 3258 c.
1810 3199 1847 3260 8
1897 3201 1963 3258 et
2007 3194 2116 3258 lib.
2148 3194 2248 3259 VI
2292 3216 2344 3258 c.
2380 3197 2460 3258 49
2509 3202 2575 3259 et
2618 3194 2760 3259 Lib.
2809 3194 3034 3278 pontif.
3083 3193 3183 3258 ed.
3216 3192 3562 3257 Duchesne

679 3299 714 3362 Ι
759 3297 933 3384 407),
992 3319 1248 3383 semper
1304 3297 1420 3361 sub
1485 3297 1765 3362 dominio
1820 3298 2154 3362 Romanae
2216 3298 2529 3363 ecclesiae
2585 3299 2956 3383 permansit.
3045 3298 3200 3362 Eius
3255 3297 3561 3381 episcopi,

679 3403 844 3467 inter
903 3423 1063 3486 quos
1117 3402 1359 3465 Bonizo
1406 3402 1717 3466 memoria
1761 3403 2071 3486 peculiari
2119 3402 2379 3488 dignus,
2428 3423 2463 3467 e
2510 3403 2874 3488 praecipuis
2919 3400 3198 3466 Romani
3243 3400 3563 3486 pontificis

679 3507 1097 3592 suffraganeis
1143 3507 1343 3570 fuere.
1419 3505 1823 3570 Cathedralis
1869 3505 2164 3588 ecclesia,
2211 3505 2319 3570 ubi
2365 3507 2674 3591 episcopii
2705 3506 2913 3590 sedes,
2963 3505 3024 3569 b.
3054 3505 3303 3570 Mariae
3350 3504 3564 3568 dicata

680 3619 795 3676 est.
885 3610 1073 3675 Hanc
1117 3631 1270 3675 vero
1317 3610 1655 3674 ecclesiam
1700 3609 2029 3694 Eugenius
2058 3608 2158 3673 IV
2201 3632 2259 3674 a.
2298 3613 2462 3675 1435
2509 3610 2646 3676 dec.
2687 3614 2761 3673 12
2810 3632 2953 3675 cum
2984 3609 3311 3695 Nepesina
3340 3608 3562 3689 univit,

679 3717 769 3779 ita
812 3722 885 3779 ut
928 3713 1204 3799 praesul,
1251 3720 1322 3778 ut
1365 3714 1495 3778 iam
1540 3712 1844 3796 diximus,
1901 3712 2051 3777 inde
2098 3713 2536 3798 appellaretur
2580 3711 2876 3778 Sutrinae
2925 3720 2991 3778 et
3035 3713 3097 3777 N
3102 3713 3404 3797 epesinae
3451 3717 3565 3775 aut

677 3819 1044 3903 Nepesinae
1092 3824 1157 3882 et
1201 3817 1496 3881 Sutrinae
1544 3817 1698 3882 eccl.
1747 3817 2104 3901 episcopus.

893 4025 1175 4089 Archiva
1231 4032 1365 4088 tum
1428 4026 1862 4108 episcopatus,
1933 4031 2066 4089 tum
2130 4025 2439 4089 ecclesiae
2500 4023 2884 4089 cathedralis
2947 4046 2996 4086 s.
3043 4023 3361 4108 Silvestri,
3429 4032 3564 4087 tum

680 4130 971 4212 civitatis,
1018 4130 1376 4194 miserrima
1421 4135 1589 4193 sorte
1637 4128 1895 4213 afflicta,
1940 4135 2355 4193 monumenta
2401 4130 2663 4214 antiqua
2707 4150 2835 4193 non
2873 4127 3205 4213 possident
3241 4127 3352 4213 (cf.
3386 4126 3562 4191 Gsstt.

679 4233 916 4297 Nachr.
964 4236 1119 4297 1901
1181 4255 1241 4318 p.
1279 4236 1450 4319 204).
1549 4234 1778 4318 Itaque
1824 4236 2169 4318 nescimus,
2228 4236 2330 4299 cui
2385 4236 2671 4320 pontifici
2729 4233 3135 4299 attribuenda
3192 4236 3273 4298 sit
3327 4234 3563 4299 locatio

681 4338 794 4401 illa
838 4339 1140 4422 episcopo
1188 4336 1443 4401 Sutrino
1490 4337 1681 4421 facta,
1730 4338 1811 4403 de
1859 4360 1986 4423 qua
2031 4338 2304 4403 Albinus
2351 4345 2417 4403 et
2461 4340 2734 4404 Cencius
2779 4338 2909 4424 (ed.
2956 4338 3564 4403 Fabre-Duchesne

681 4441 714 4504 I
761 4445 872 4518 523
919 4440 987 4504 Π
1038 4441 1213 4527 110);

986 4545 1380 4630 „Episcopus
1440 4547 1577 4631 ipse
1642 4545 1863 4634 [ipsius
1907 4546 2056 4633 loci]
2105 4548 2139 4610 I
2185 4546 2657 4611 marabotinum
2704 4568 2818 4631 pro
2866 4547 3186 4611 locatione
3234 4546 3564 4612 cuiusdam

897 4649 1188 4714 casalis“.

681 4752 1190 4819 Consuetudines
1236 4754 1513 4839 denique
1546 4760 1611 4819 et
1641 4756 1798 4840 iura,
1847 4777 2012 4841 quae
2047 4756 2270 4821 habuit
2301 4778 2586 4821 summus
2615 4756 2910 4841 pontifex
2954 4757 3017 4821 in
3049 4757 3252 4842 burgo
3285 4757 3564 4841 Sutrin0,

680 4858 979 4942 leguntur
1025 4857 1197 4943 apud
1243 4859 1549 4924 Cencium
1596 4881 1646 4924 c.
1675 4865 1712 4926 6
1762 4859 1937 4946 (edd.
1986 4861 2267 4925 Theiner
2311 4861 2469 4927 Cod.
2504 4861 2657 4946 dipl.
2691 4860 2861 4926 dom.
2910 4868 3105 4947 temp.
3152 4861 3187 4924 Ι
3232 4865 3313 4926 29
3359 4883 3419 4925 n.
3454 4864 3565 4938 36;

681 4960 1286 5027 Fabre-Duchesne
1353 4963 1387 5025 I
1448 4963 1617 5046 1Ο*).
1730 4964 1807 5028 In
1873 4966 2250 5029 memoriam
2321 4987 2576 5050 quoque
2644 4987 3017 5031 revocamus
3080 4965 3332 5031 Vallem
3399 4987 3457 5050 q.
3504 4987 3563 5030 v,

682 5066 948 5150 Magna,
1002 5067 1190 5130 sitam
1234 5068 1301 5130 in
1347 5069 1665 5131 territorio
1714 5066 1999 5149 Sutrino,
2057 5090 2221 5154 quae
2269 5091 2308 5133 a
2351 5069 2748 5154 Liutprando
2795 5091 2949 5154 rege
2993 5068 3567 5155 Langobardorum

682 5168 743 5231 b.
776 5166 1004 5250 Petr0,
1062 5169 1373 5234 Zacharia
1428 5193 1602 5256 papa
1653 5172 2068 5256 impetrante,
2123 5174 2419 5236 restituta
2463 5173 2609 5256 fuit,
2657 5180 2727 5237 ut
2771 5174 2969 5238 refert
3015 5174 3150 5238 eius
3194 5172 3349 5237 Vita
3393 5172 3563 5258 (Lib.

685 5272 908 5358 pontif.
958 5273 1058 5338 ed.
1106 5273 1448 5340 Duchesne
1493 5274 1528 5337 Ι
1574 5275 1748 5360 428).
