4055 6069
745 440 822 500 16
2061 429 2300 488 Latium.

737 608 816 673 *1
1823 623 1834 634 ·
3176 612 3537 695 (841—44)

738 712 1165 800 Gregorius
1194 712 1290 778 IV
1357 713 1551 797 „fecit
1598 763 1611 777 .
1657 763 1670 777 .
1727 713 1794 776 in
1846 713 2105 776 civitate
2161 711 2470 777 Hostensi
2524 713 2850 777 civitatem
2910 712 3105 778 aliam
3164 736 3204 779 a
3248 715 3386 779 solo
3434 715 3623 779 valde

737 817 1169 882 fortissimam.
1206 866 1220 881 .
1255 864 1270 880 .
1360 816 1481 881 Oui
1526 817 1723 881 etiam
1768 838 1807 880 a
1849 817 2101 880 noviter
2153 816 2398 881 civitati
2444 822 2844 881 constructae
2897 816 3020 882 hoc
3065 838 3302 883 nomen
3343 821 3412 883 in
3455 840 3623 884 sem-

737 922 1058 1005 piternum
1102 922 1325 985 statuit
1367 919 1902 1004 permanendum,
1960 920 2208 984 scilicet
2262 925 2333 983 ut
2386 919 2467 985 ab
2513 919 2908 1005 hominibus,
2955 922 3089 986 sive
3133 921 3446 986 Romanis
3491 924 3624 987 sive

736 1025 878 1089 aliis
907 1024 1292 1109 nationibus,
1337 1046 1376 1088 a
1417 1025 1696 1109 proprio,
1744 1022 1915 1109 quod
1962 1026 2023 1089 ei
2065 1030 2205 1089 erat
2233 1024 2516 1107 nomine,
2562 1023 2629 1088 id
2661 1029 2759 1089 est
2789 1024 3125 1111 Gregorio,
3173 1025 3624 1112 Gregoriopoli

737 1129 1114 1194 vocitetur“.

941 1239 1125 1295 Laud.
1160 1239 1222 1293 in
1253 1238 1384 1294 Vita
1422 1239 1673 1310 Gregorii
1709 1237 1975 1306 11⁷(1Ah.
2003 1237 2211 1306 pontif.
2251 1236 2329 1292 ed.
2370 1237 2652 1293 Dudum
2686 1238 2762 1292 H
2789 1241 2895 1309 82).
2942 1269 2997 1279 —
3036 1239 3164 1309 Roq.
3189 1239 3300 1296 JE'.
3325 1272 3408 1297 —.

740 1418 786 1480 2
2693 1412 3015 1479 Laterano
3060 1414 3229 1478 1159
3272 1416 3423 1481 mai.
3453 1419 3538 1481 26

735 1519 812 1583 In
841 1519 1261 1584 Lateranensi
1306 1517 1569 1601 palatin,
1615 1517 1683 1579 in
1727 1518 2123 1602 consistoriO,
2170 1517 2236 1581 in
2281 1516 2473 1581 domo
2521 1518 2766 1581 scilicet
2808 1538 2976 1583 nova
3021 1540 3080 1603 q.
3116 1517 3176 1583 d.
3214 1520 3451 1584 Leonis
3491 1542 3620 1606 pp.,

737 1645 953 1689 coram
996 1622 1254 1687 Ubaldo
1309 1621 1518 1707 presb.
1553 1620 1724 1685 card.
1756 1623 1851 1685 tit.
1886 1644 1935 1685 s.
1970 1622 2193 1687 Crucis
2245 1644 2305 1707 q.
2339 1620 2399 1685 d.
2431 1621 2787 1686 Ierusalem
2841 1627 2907 1686 et
2950 1623 3198 1687 lacinto
3254 1623 3415 1689 diac.
3449 1623 3618 1689 card.

736 1750 785 1791 s.
818 1726 1062 1791 Mariae
1107 1729 1174 1790 in
1219 1725 1550 1790 Cosmidin
1593 1731 1785 1811 atque
1816 1726 2075 1791 Bosone
2123 1725 2283 1790 diac.
2321 1726 2490 1790 card.
2526 1748 2605 1790 ss.
2640 1727 2915 1792 Cosmae
2961 1733 3028 1791 et
3058 1726 3378 1812 Damiani,
3424 1730 3622 1813 ipsius

737 1831 798 1895 d.
823 1851 1032 1915 papae
1056 1831 1364 1916 magistro
1389 1831 1764 1912 camerari0,
1797 1837 1863 1893 et
1891 1831 1957 1893 in
1978 1830 2344 1913 praesentia
2366 1828 2668 1913 iudicum,
2701 1832 2874 1894 cives
2896 1829 3295 1915 Hostienses,
3319 1830 3622 1896 videlicet

737 1933 1051 2017 Capascia
1095 1939 1471 2016 procurator
1516 1934 1780 2018 eiusque
1812 1922 1989 2017 socii,
2037 1934 2416 2017 promittunt
2460 1931 2869 2033 Hadriano
2915 1933 3013 1998 IV
3059 1935 3322 2019 eiusque
3369 1955 3620 2000 succes-

736 2038 1013 2120 soribus,
1067 2037 1238 2122 quod
1291 2040 1464 2102 omni
1525 2059 1693 2102 anno
1740 2037 1974 2102 amodo
2020 2039 2281 2102 inantea
2328 2036 2570 2101 dabunt
2630 2037 2789 2102 duas
2834 2038 3146 2121 platratas
3190 2038 3506 2124 lignorum
3555 2045 3621 2103 et

736 2143 866 2205 suis
911 2141 1267 2226 sumptibus
1311 2141 1584 2207 afferent
1627 2164 1666 2206 a
1711 2142 2107 2207 Marmorata
2151 2142 2284 2206 sive
2331 2163 2370 2205 a
2415 2143 2556 2226 ripa
2599 2141 2889 2226 Remea,
2935 2162 3129 2206 unam
3174 2144 3240 2206 in
3284 2143 3617 2207 nativitate

737 2245 1026 2325 Domini,
1084 2246 1278 2311 aliam
1340 2247 1404 2310 in
1463 2245 1723 2330 pascha.
1784 2285 1868 2294 -—
1930 2245 2073 2331 Ego
2130 2245 2426 2310 Andreas
2482 2247 2666 2310 scrin.
2714 2245 2777 2310 S.
2824 2245 2904 2310 R.
2951 2244 3026 2309 E.
3088 2253 3155 2311 et
3199 2269 3247 2310 s.
3295 2247 3441 2311 Lat.
3488 2246 3617 2330 pal.

741 2349 1077 2433 complevi.
3590 2381 3596 2385 ·

942 2461 1180 2514 Albinus
1214 2460 1301 2516 lib.
1343 2460 1447 2514 XI
1468 2475 1511 2515 c.
1534 2468 1615 2516 50.
1698 2459 1926 2515 Oeneius
1970 2460 2092 2514 Lib.
2127 2476 2378 2515 censuum
2412 2459 2465 2515 S.
2494 2460 2561 2515 R.
2586 2461 2657 2515 E.
2694 2475 2739 2514 c.
2766 2468 2870 2515 117.
2897 2467 3006 2516 118.
3051 2488 3116 2499 -
3162 2458 3309 2514 Edd.
3343 2457 3622 2513 muratori

736 2548 917 2617 Antiq.
955 2547 993 2601 1
1020 2554 1113 2602 675
1137 2570 1202 2593 =
1231 2547 1461 2602 Maroni
1487 2564 1547 2616 p.
1574 2554 1665 2603 112
1686 2564 1743 2603 n.
1767 2555 1815 2602 2.
1874 2546 2094 2601 Nicolai
2120 2563 2179 2615 p.
2202 2554 2306 2603 563
2337 2564 2392 2602 n.
2419 2554 2465 2601 2.
2527 2548 2647 2602 Fea
2660 2565 2717 2616 p.
2749 2552 2838 2602 68.
2902 2545 3402 2601 Fame-Dudum
3436 2545 3620 2611 1398,-

736 2635 813 2688 11
842 2641 947 2689 135.
984 2664 1048 2674 —
1085 2634 1216 2702 Rey.
1258 2634 1564 2688 Tomaesetti
1599 2635 1632 2690 l.
1669 2650 1713 2689 c.
1754 2633 1880 2688 XX
1912 2641 1994 2689 57.
2053 2633 2162 2688 JL.
2200 2666 2284 2689 -.

1114 2728 1178 2783 In
1214 2727 1404 2784 Cencii
1438 2728 1557 2784 Lib.
1597 2747 1856 2786 censuum
1882 2729 1945 2806 S.
1972 2729 2036 2784 R.
2062 2729 2123 2785 Ε.
2159 2729 2262 2784 sub
2288 2729 2616 2800 episcopatu
2644 2727 2925 2784 Hostiensi
2961 2726 3487 2796 (Rubro-Duchesne
3511 2726 3534 2780 I
3562 2726 3617 2795 9)

941 2814 1025 2869 ita
1072 2817 1324 2870 notatur:
1383 2815 1679 2883 „Homines
1726 2815 1970 2871 eiusdem
2027 2814 2280 2871 civitatis
2334 2815 2391 2869 in
2443 2816 2587 2871 festo
2630 2814 2956 2871 nativitatis
2992 2814 3216 2870 Domini
3268 2816 3327 2868 et
3363 2828 3529 2882 pasce
3565 2812 3615 2866 II

944 2901 1227 2971 plactatas
1263 2901 1592 2971 lignorum“.
