4055 6069
1026 1442 1763 1563 CIVITA
1861 1441 3250 1561 CASTELLANA

1339 1622 1658 1706 (Civitas
1704 1622 2050 1687 Castelli.
2120 1621 2416 1687 Civitas
2461 1621 2942 1707 Castellana)

906 1935 1034 1989 Ant.
1073 1935 1294 1989 Massa
1332 1934 1411 1989 De
1447 1931 1666 2004 origine
1701 1936 1761 1988 et
1793 1931 1959 1988 rebus
1994 1931 2338 1987 Faliscorum
2375 1932 2607 1997 (Romae
2633 1932 2808 2001 1546).
2830 1962 2894 1971 —
2931 1931 3211 2003 Ughelli
3253 1936 3270 1967 ¹
3300 1933 3322 1986 Ι
3347 1933 3451 1988 634
3475 1950 3586 2001 sq.;

703 2024 723 2054 ²
760 2022 785 2075 I
822 2022 923 2077 596
941 2041 1022 2091 sq.
1061 2052 1124 2061 —-
1163 2022 1317 2076 Dom.
1354 2019 1747 2076 Mazzocchi
1785 2021 1924 2090 Vejo
1961 2019 2153 2075 discen.
2206 2018 2462 2074 Discorso
2505 2036 2608 2074 ove
2644 2017 2694 2072 si
2729 2022 2938 2073 mostra
2974 2018 3201 2074 l'antico
3228 2018 3368 2089 Vejo
3404 2036 3585 2074 essere

700 2105 874 2176 hoggi
901 2105 1089 2161 Civita
1114 2107 1436 2163 Castellana
1469 2108 1556 2177 (In
1579 2106 1757 2162 Roma
1780 2108 1953 2175 1646).
1982 2138 2044 2146 -
2073 2108 2267 2162 Franc.
2295 2106 2471 2160 Pech
2487 2105 2660 2161 inoli
2685 2106 2829 2160 Dell’
2846 2104 3043 2161 istoria
3077 2106 3135 2160 di
3161 2105 3352 2160 civita
3376 2104 3583 2161 Castel-

700 2190 834 2245 lana
868 2191 999 2246 libri
1035 2193 1083 2259 2,
1119 2212 1160 2247 s.
1188 2194 1391 2260 XVIII,
1429 2192 1660 2249 Firenze
1693 2193 1841 2250 Bibl.
1860 2211 1979 2249 naz.
2007 2195 2060 2248 11
2086 2193 2190 2248 VII
2217 2193 2300 2249 32.
2326 2224 2393 2233 —
2417 2193 2574 2248 Dom.
2599 2192 2839 2262 Giorgi
2874 2191 3017 2247 Diss.
3042 2191 3174 2247 hist.
3210 2193 3278 2248 de
3315 2192 3586 2248 cathedra

700 2276 869 2346 episc.
908 2277 1097 2335 Setiae
1150 2298 1205 2350 p.
1239 2280 1306 2335 37
1325 2297 1405 2347 sq.
1459 2310 1524 2319 —
1574 2280 1768 2335 Franc.
1817 2279 1998 2336 Maria
2040 2279 2232 2335 Pieri
2287 2280 2368 2334 La
2417 2279 2725 2335 situazione
2773 2278 3122 2335 Trascimina
3164 2277 3315 2349 degli
3361 2278 3579 2335 antichi

700 2361 908 2419 Falisci
944 2382 975 2420 e
1012 2365 1163 2422 della
1197 2366 1315 2420 loro
1351 2366 1648 2436 metropoli
1674 2366 1910 2422 Falerio,
1968 2366 2152 2437 Opera
2176 2368 2437 2437 postuma
2475 2367 2564 2433 (In
2599 2366 3031 2422 Montefiascone
3061 2364 3231 2433 1788).
3258 2368 3341 2405 -“
3361 2364 3576 2432 (Franc.

702 2449 1008 2520 Morelli)
1054 2451 1460 2507 Dissertazione
1509 2452 1568 2506 in
1614 2451 1704 2507 cui
1749 2452 1799 2506 si
1843 2452 2132 2509 stabilisce
2175 2468 2277 2522 per
2310 2451 2516 2522 ipotesi
2565 2452 2668 2508 che
2704 2451 2893 2507 Civita
2930 2450 3250 2515 castellana
3286 2453 3316 2506 e
3355 2450 3585 2506 l’antico

694 2535 835 2604 Vejo
881 2537 1071 2604 (Terni
1109 2540 1282 2608 1825).
1319 2569 1386 2579 —
1432 2538 1670 2607 Nibby
1714 2539 1930 2595 Analisi
1968 2542 1990 2573 ²
2029 2538 2083 2593 11
2120 2541 2184 2596 15
2203 2557 2283 2608 sq.
2321 2569 2387 2578 —
2437 2538 2878 2610 Cappelletti
2918 2538 2996 2594 VI
3032 2538 3166 2608 8sq.
3205 2569 3262 2578 —
3318 2538 3588 2594 Mox-oni

695 2623 1011 2680 Dizionario
1054 2625 1188 2680 XIII
1224 2626 1325 2681 287
1350 2644 1458 2695 sq.;
1509 2625 1580 2681 CI
1616 2626 1715 2682 321
1742 2645 1823 2696 sq.
1874 2657 1938 2666 —
1994 2627 2080 2681 Fr.
2119 2626 2469 2695 Tarquini
2517 2625 2742 2683 Notizie
2785 2624 3052 2681 istoriche
3087 2642 3120 2680 e
3165 2624 3490 2682 territoriali
3527 2626 3587 2681 di

652 2710 655 2715 '
696 2709 886 2765 Civita
931 2710 1280 2777 Castellana,
1334 2713 1432 2784 gia
1483 2713 1729 2785 capitale
1777 2713 1866 2769 dei
1916 2712 2126 2769 Falisci
2178 2712 2461 2768 Ciscimini
2506 2729 2538 2767 e
2587 2712 2732 2769 delle
2785 2715 2871 2769 tre
2922 2711 3139 2768 Falerie
3188 2711 3586 2779 (Castelnuovo

696 2796 756 2851 di
806 2797 975 2852 Porto
1015 2798 1188 2865 1874).
1240 2829 1307 2838 —
1363 2798 1425 2854 G.
1463 2797 1891 2855 Tomassetti
1946 2799 2004 2853 in
2058 2799 2224 2854 Arch.
2281 2798 2431 2853 della
2484 2799 2604 2853 Soc.
2658 2797 2814 2853 Rom.
2844 2798 2951 2852 VII
3007 2797 3185 2866 (1884)
3238 2797 3343 2853 423
3377 2815 3458 2866 sq.
3516 2830 3585 2839 —

697 2883 755 2938 C.
787 2883 1056 2939 Calisse
1093 2884 1118 2937 I
1154 2884 1384 2954 prefetti
1421 2884 1477 2939 di
1514 2884 1656 2940 Vico
1692 2883 1767 2940 ib.
1793 2885 1843 2938 X
1881 2885 2062 2953 (1887)
2100 2885 2232 2954 3sq.
2287 2917 2354 2926 —
2408 2884 2469 2939 F.
2496 2884 2680 2940 Crist
2696 2884 2872 2939 osori
2907 2882 3172 2939 Memoris
3207 2883 3451 2940 storiche
3487 2885 3581 2940 dei

696 2969 908 3042 signori
961 2969 1019 3024 di
1055 2970 1194 3025 Vico
1243 2970 1475 3042 prefetti
1531 2971 1587 3025 di
1624 2971 1766 3026 Vico
1812 2971 1899 3026 in:
1952 2971 2317 3028 Miscellanea
2362 2971 2571 3026 storica
2616 2972 2867 3027 Romana
2903 2970 2974 3026 od
3011 2969 3275 3026 Archivio
3310 2968 3370 3024 di
3404 2969 3581 3026 storia

696 3058 1039 3113 medioevale
1075 3058 1146 3113 ed
1181 3058 1564 3115 ecclesiastica
1589 3058 1669 3113 111
1706 3057 1893 3126 (Siena
1919 3059 2091 3129 1888).
2133 3091 2197 3101 -
2235 3059 2297 3114 Ο.
2334 3058 2437 3115 Del
2476 3060 2680 3116 Frate
2716 3058 2901 3117 Guida
2934 3058 3142 3115 storica
3179 3076 3209 3115 e
3246 3057 3578 3114 descrittiva

699 3144 848 3200 della
884 3144 1363 3215 Faleriaetrusca
1399 3144 1599 3216 (Roma
1639 3145 1813 3215 1898).

1456 3421 1926 3506 Episcopatus
1974 3421 2304 3490 Civitatis
2351 3421 2819 3490 castellanae.

912 3578 1339 3664 Episcopatus
1385 3579 1570 3643 huius
1614 3580 1894 3664 origines
1938 3578 2128 3644 valde
2176 3578 2482 3644 obscurae
2516 3587 2678 3644 sunt.
2747 3580 2944 3644 Putat
2973 3579 3315 3644 Duchesne
3360 3577 3586 3663 (Asch.

699 3683 871 3747 della
916 3682 1059 3748 Soc.
1091 3683 1279 3748 Rom.
1312 3682 1441 3748 XV
1472 3682 1646 3766 491),
1693 3681 1914 3747 sedem
1962 3683 2397 3767 episcopalem
2443 3683 2838 3747 Faliscorum
2886 3683 3039 3747 olim
3084 3682 3279 3746 fuisse
3321 3681 3586 3767 Aquae-

696 3788 899 3871 vivae‚
947 3788 1124 3851 cuius
1170 3787 1485 3852 antistites
1532 3795 1868 3852 occurrunt
1927 3787 2076 3851 inde
2138 3787 2220 3851 ab
2280 3808 2338 3851 a.
2374 3791 2498 3852 465
2558 3809 2761 3872 usque
2822 3787 2905 3851 ad
2953 3809 3010 3851 a.
3044 3790 3189 3852 502.
3282 3784 3411 3851 Sed
3457 3788 3585 3850 iam

697 3912 756 3955 a.
790 3894 914 3955 499
959 3889 1147 3955 Felix
1191 3890 1429 3976 legitur
1473 3892 1811 3975 episcopus
1858 3891 2172 3955 ecclesiae
2218 3890 2514 3955 Faliscae
2562 3899 2627 3955 et
2672 3890 3058 3976 Nepesinae.
3148 3891 3389 3955 Postea
3433 3910 3586 3954 vero

697 3993 1067 4058 Falaritana
1126 3994 1315 4059 sedes
1361 3995 1745 4080 episcopalis
1791 3995 2109 4059 invenitur
2164 3996 2229 4058 in
2275 3994 2544 4080 oppid0‚
2592 3995 2762 4079 quod
2811 3997 3087 4080 primum
3134 3992 3587 4078 appellabatur

698 4097 913 4162 Massa
987 4097 1389 4181 castellana,
1466 4097 1699 4163 deinde
1774 4098 2016 4164 Civitas
2090 4098 2489 4181 castellana,
2572 4098 2829 4163 condito
2906 4096 3078 4182 apud
3154 4098 3586 4161 sanctuarium

698 4225 778 4266 ss.
812 4199 1152 4267 Gratiliani
1198 4209 1264 4267 et
1307 4202 1744 4267 Felicissimae
1790 4203 1854 4266 in
1898 4203 2062 4286 locu,
2108 4201 2216 4267 ubi
2265 4202 2418 4265 olim
2462 4201 2861 4266 Faliscorum
2907 4209 3088 4266 vetus
3147 4201 3301 4265 urbs
3345 4200 3586 4265 Falerii

697 4307 1049 4371 surrexisse
1104 4304 1412 4389 creditur,
1480 4305 1648 4369 unde
1709 4307 1993 4391 episcopi
2053 4305 2398 4391 aliquando
2460 4308 2716 4371 nomine
2762 4306 3115 4370 Falaritani
3185 4311 3251 4369 et
3295 4305 3589 4369 Civitatis

700 4409 1107 4474 Castellanae
1185 4411 1472 4494 episcopi
1540 4409 1824 4474 decorati
1893 4411 2245 4474 traduntur.
2358 4409 2475 4475 Cui
2546 4410 2922 4476 Alexander
2976 4408 3073 4473 IV
3145 4410 3587 4493 episcopatum

699 4512 1115 4577 Gallesanum
1148 4511 1460 4596 (Gallese)
1507 4514 1845 4580 aduexisse
1893 4515 2165 4580 videtur.
2233 4515 2314 4578 A.
2355 4520 2536 4599 1437,
2584 4515 2842 4581 iubente
2883 4515 3175 4600 Eugenio
3206 4513 3323 4597 IV,
3368 4514 3587 4578 unitae

698 4624 845 4681 sunt
889 4616 1219 4681 dioeceses
1266 4617 1557 4683 Civitatis
1603 4618 2009 4684 Castellanae
2058 4626 2126 4684 et
2168 4618 2425 4684 Hortae¹
2464 4618 2550 4704 (v,
2587 4620 2795 4706 Orte).

912 4719 1013 4785 De
1060 4721 1379 4806 episeopis
1409 4720 1701 4786 Civitatis
1735 4720 2145 4788 Castellanae
2178 4743 2502 4807 perpauca
2533 4724 2784 4799 scimus,
2834 4745 3029 4809 quum
3075 4724 3330 4787 omnino
3379 4721 3589 4787 desint

699 4822 1103 4888 documenta.
1193 4824 1425 4890 Exstat
1470 4831 1686 4888 tamen
1732 4826 1797 4888 in
1842 4827 2093 4910 porticu
2140 4826 2451 4890 ecclesiae
2499 4825 2887 4892 cathedralis
2933 4849 2981 4891 s.
3014 4826 3260 4891 Mariae
3293 4824 3587 4889 Civitatis

700 4927 1107 4993 Castellanae
1175 4927 1375 5013 lapidi
1443 4929 1840 5013 insculptum*
1896 4932 2385 4995 instrumentum
2455 4930 2818 4997 donationis
2886 4953 2925 4996 a
2990 4932 3210 4996 Leone
3281 4931 3586 5014 episcopo

702 5053 760 5095 a.
796 5034 914 5095 871
966 5030 1177 5096 factae
1223 5030 1398 5115 (edd.
1433 5033 1797 5097 Mazzocchi
1843 5055 1905 5118 p.
1939 5039 2051 5108 37;
2098 5033 2324 5120 Giorgi
2368 5056 2428 5118 p.
2465 5040 2575 5111 403
2619 5034 2841 5100 Maffei
2886 5035 3180 5100 Museum
3211 5032 3586 5097 Veronense

700 5134 1029 5218 (Veronae
1070 5135 1261 5222 1749)
1305 5158 1366 5200 n.
1403 5139 1552 5212 359;
1600 5137 1681 5202 A.
1713 5136 1845 5201 Mai
1890 5137 2023 5203 Sor.
2058 5145 2183 5204 vet.
2215 5160 2381 5203 nova
2427 5138 2570 5203 coll.
2604 5139 2666 5204 V
2706 5142 2864 5214 233;
2912 5137 3306 5224 Cappelletti
3337 5136 3433 5199 VI
3479 5140 3586 5213 133

699 5238 772 5304 O.
816 5237 868 5303 I.
912 5240 987 5304 L.
1033 5240 1133 5305 XI
1179 5245 1305 5307 466
1349 5246 1478 5305 not.
1510 5240 1595 5327 1).
