4055 6069
1362 503 1555 562 Monte
1589 500 1699 560 San
1734 499 2012 559 Giovanni
2051 532 2117 545 -
2152 501 2422 575 Ceprano.
3207 507 3327 571 173

449 682 778 750 Verulano
812 680 1174 749 faciendam
1222 679 1303 747 de
1334 678 1841 764 possessionibus
1886 680 1951 743 in
1996 678 2316 744 territorio
2347 677 2583 743 Montis
2628 700 2676 741 s.
2709 676 3015 744 Iohannis
3051 679 3327 746 Romam

449 789 650 854 ituros
694 795 763 853 et
806 785 1111 852 iudicium
1157 784 1217 849 d.
1266 804 1476 869 papae
1527 783 1981 848 observaturos
2026 803 2187 847 esse.

828 916 879 953 v.
899 896 1105 961 Veroli,
1140 895 1327 967 Episc.
1363 913 1416 951 n.
1445 896 1526 950 19.

445 989 570 1052 *11
2843 981 3239 1068 (1181—84)

446 1091 736 1157 Lucius
779 1089 886 1154 ΠΙ
940 1089 1097 1154 facit
1149 1089 1637 1153 conventionem
1695 1107 1840 1151 cum
1886 1085 2160 1151 dominis
2203 1086 2440 1151 Montis
2493 1107 2543 1149 s.
2581 1084 2911 1170 Iohannis,
2973 1086 3329 1152 concedens

449 1198 543 1261 eis
586 1195 929 1261 senioriam
974 1194 1040 1257 in
1082 1192 1304 1258 Monte
1349 1214 1398 1257 s.
1430 1190 1736 1257 Iohannis
1781 1197 1847 1257 et
1887 1191 1954 1255 in
1998 1188 2536 1275 Strangulagallo.

660 1304 843 1361 Laud.
878 1304 940 1359 in
974 1303 1141 1359 Lucii
1176 1303 1275 1358 111
1303 1303 1560 1373 rescripto
1594 1320 1646 1358 a.
1672 1308 1801 1358 1184
1836 1302 1996 1372 apua.
2021 1308 2087 1358 23
2120 1301 2189 1373 (υ.
2229 1299 2512 1356 omamm·
2543 1317 2602 1355 n.
2628 1299 2729 1370 10).
2767 1330 2832 1342 -
2871 1300 3004 1372 Beq.
3041 1302 3158 1359 JL.
3197 1334 3280 1358 -.

1664 1543 2108 1613 Falvaterra.

1494 1666 1865 1735 (Fabrateria.
1923 1666 2022 1722 Fal
2029 1664 2281 1735 bateria)

655 1790 925 1847 Raffaelle
962 1788 1293 1847 Garrucci
1340 1790 1363 1844 1
1400 1790 1598 1845 marmi
1647 1789 1864 1845 antichi
1919 1788 1976 1843 di
2030 1786 2361 1843 Fabrateria.
2416 1788 2605 1843 vetere
2649 1787 2785 1859 oggi
2835 1787 3083 1845 Ceccano
3129 1792 3329 1861 (Roma

458 1875 631 1942 1858).
678 1908 743 1917 —-
789 1876 1064 1933 Mor-oni
1107 1875 1426 1932 Dizionario
1469 1875 1685 1931 XXVII
1729 1875 1848 1931 278.
1902 1906 1971 1916 —·
2017 1872 2430 1944 Michelangelo
2478 1871 2753 1929 Sindici
2801 1873 3051 1931 ceccano
3095 1876 3328 1935 l'antica

446 1964 791 2020 Fabrateria.
860 1962 1023 2019 Studi
1059 1962 1253 2019 storici
1293 1979 1396 2019 con
1429 1962 1748 2018 documenti
1785 1961 1984 2018 inediti
2021 1960 2223 2030 (Roma
2262 1959 2434 2029 1893).

660 2120 1038 2187 Fabrateria
1102 2126 1321 2195 vetus,
1388 2120 1829 2205 antiquissima
1872 2118 2259 2185 Volscorum
2326 2117 2507 2203 urbs,
2576 2116 2773 2183 hodie
2846 2118 3141 2184 Oeccano
3207 2128 3322 2185 est.

447 2224 826 2290 Fabrateria
877 2245 1073 2309 nova,
1140 2224 1206 2288 in
1266 2224 1399 2288 alto
1456 2229 1674 2288 monte
1720 2223 2037 2288 collocata
2094 2242 2286 2307 supra
2343 2221 2607 2286 fluvium
2664 2244 2727 2307 q.
2774 2220 2834 2287 d.
2882 2222 3147 2309 Tolero,
3216 2223 3324 2289 ubi

444 2329 651 2394 influit
705 2328 772 2392 in
823 2329 1058 2414 Lirim,
1124 2349 1242 2412 per
1305 2327 1506 2393 medii
1568 2326 1713 2392 aevi
1771 2326 2032 2391 saecula
2085 2326 2263 2391 velut
2307 2333 2585 2391 castrum
2639 2325 2829 2391 valde
2886 2327 3202 2392 munitum
3258 2330 3323 2392 in

445 2432 674 2497 finibus
720 2439 930 2498 terrae
975 2431 1036 2497 b.
1069 2431 1251 2497 Petri
1296 2437 1362 2497 et
1406 2433 1589 2518 regni
1633 2430 1891 2496 Siciliae
1935 2430 2227 2496 habitum
2273 2436 2388 2495 est.
2480 2429 2809 2514 Oppidum
2848 2451 2990 2495 cum
3039 2432 3325 2497 ecclesiis

445 2537 573 2601 suis
617 2535 845 2600 ditioni
887 2535 1360 2602 Verulanorum
1405 2537 1851 2620 episcoporum
1895 2533 2345 2618 addicebatur,
2398 2540 2470 2598 ut
2513 2540 2786 2618 apparet
2830 2553 2914 2599 ex
2959 2534 3324 2601 Verulanae

445 2638 757 2703 ecclesiae
809 2638 1180 2726 privilegiis.
1279 2641 1359 2703 A.
1413 2640 1575 2704 1208
1629 2646 1815 2704 mart.
1859 2642 1898 2703 6
1943 2637 2027 2703 ab
2087 2637 2460 2703 Innocentio
2519 2636 2624 2701 III
2667 2636 3002 2704 WiUelmo
3055 2639 3323 2724 Pagano

446 2742 709 2827 eiusque
763 2742 1131 2828 nepotibus,
1197 2742 1343 2808 filiis
1405 2741 1730 2828 quondam
1775 2741 1968 2808 Stulti
2011 2741 2291 2828 Pagani,
2358 2743 2425 2807 in
2467 2741 2726 2807 feudum
2775 2741 3146 2807 conceditur
3211 2741 3321 2828 (cf.

444 2845 718 2911 Oeneius
762 2868 824 2911 n.
855 2852 916 2931 4,
964 2846 1110 2912 edd.
1158 2847 1469 2912 Muratori
1513 2847 1735 2932 Antiq.
1779 2845 1850 2910 II
1893 2848 2050 2924 629;
2095 2845 2684 2912 Fabre-Duchesne
2726 2844 2764 2909 Ι
2809 2845 2943 2931 8*).

651 3000 705 3056 Δ
751 3024 816 3047 =
855 3000 1007 3074 Orig.
1042 3000 1223 3058 Roma
1259 2999 1423 3058 Arch.
1450 3001 1581 3057 Vat.
1618 3001 1769 3059 Arm.
1804 3001 1941 3057 XIII
1978 3018 2026 3057 c.
2050 2999 2130 3056 VI
2166 3019 2221 3056 n.
2245 3002 2295 3057 2.

444 3105 483 3168 1
2778 3108 2950 3170 1178
2989 3105 3122 3170 ian.
3157 3110 3238 3170 11

440 3208 788 3274 Adinulfus
833 3216 899 3275 et
941 3209 1317 3294 Landulqu,
1362 3210 1477 3275 filii
1522 3208 1821 3296 Gregorii
1865 3211 2136 3296 Pagani,
2181 3211 2548 3276 renuntiant
2590 3209 3043 3275 Alexandro
3087 3210 3213 3294 ΠΙ,
3259 3212 3324 3274 in

443 3315 808 3397 praesentia
852 3314 1158 3379 Iohannis
1213 3313 1426 3399 presb.
1486 3314 1659 3378 card.
1708 3336 1755 3379 s.
1807 3315 2011 3380 Marci
2057 3319 2123 3379 et
2177 3314 2357 3378 Petri
2401 3312 2614 3399 presb.
2659 3312 2832 3378 card.
2902 3335 2951 3377 s.
2994 3313 3322 3380 Susannae

445 3423 512 3482 et
561 3416 793 3483 Iacinti
844 3417 1007 3483 diac.
1064 3417 1236 3483 card.
1284 3440 1334 3482 s.
1367 3417 1614 3483 Mariae
1658 3419 1725 3482 in
1768 3417 2100 3483 cosmidin
2144 3423 2210 3483 et
2254 3417 2467 3483 centii
2511 3416 2674 3482 diac.
2717 3416 2891 3482 card.
2950 3440 2999 3482 s.
3030 3418 3321 3503 Adriani,

442 3528 782 3606 praesente
828 3522 1022 3587 etiam
1068 3523 1265 3588 fratre
1310 3521 1642 3587 Francone
1690 3521 1751 3588 d.
1797 3544 2008 3608 papae
2055 3523 2437 3602 camerario,
2482 3522 2635 3606 iuri,
2681 3521 2735 3584 si
2779 3520 2952 3606 quod
2997 3521 3324 3587 habebant

441 3626 506 3690 in
551 3634 759 3691 castro
803 3625 1234 3692 Falbateriae.
1309 3625 1686 3691 Alexander
1714 3625 1819 3691 III
1863 3625 2160 3692 concedit
2203 3627 2296 3691 eis
2341 3625 2583 3690 dictum
2627 3632 2928 3690 castrum·
2948 3626 3012 3689 in
3059 3625 3321 3690 feodum

445 3748 649 3814 usque
695 3726 778 3793 ad
824 3731 907 3792 29
938 3750 1155 3795 annos.
1203 3766 1289 3776 --
1331 3730 1474 3816 Ego
1520 3729 1775 3794 Ilditius
1818 3730 2017 3795 iudex
2063 3729 2498 3816 (Anagninus)
2543 3736 2610 3793 et
2653 3729 2838 3794 scrin.
2885 3731 3126 3814 scripsi.

646 3840 718 3897 Δ.
755 3838 1012 3909 [Oeneius
1046 3841 1255 3911 c.122].
1295 3870 1359 3879 —
1395 3839 1542 3895 Edd.
1567 3841 1848 3896 maraton·
1882 3841 2065 3909 Αηεὶς.
2103 3840 2145 3895 I
2168 3847 2274 3896 629
2311 3864 2375 3888 =
2416 3841 2607 3909 Μᾶρκε
2635 3837 2731 3895 GC
2753 3845 2873 3895 1372
2904 3856 2961 3895 a.
2989 3847 3064 3895 12.
3122 3838 3322 3895 Fabra-

447 3925 731 3981 Duchoene
769 3925 811 3979 Ι
833 3932 953 3980 402.
1022 3925 1184 3981 Studi
1216 3942 1243 3981 e
1275 3925 1384 3982 doc.
1420 3926 1542 3981 VH
1570 3931 1670 3982 319
1704 3943 1760 3982 n.
1788 3935 1853 3982 26
1884 3942 1950 3981 a
1984 3928 2054 3982 Α.
2089 3955 2158 3966 -
2195 3926 2326 3998 Ray.
2360 3925 2471 3982 JL.
2508 3933 2739 3982 13009a.

825 4021 958 4078 1178
993 4021 1106 4078 ian.
1132 4022 1198 4077 27
1236 4021 1409 4078 etiam
1445 4020 1689 4088 Stultus,
1725 4021 1901 4078 frater
1945 4021 2266 4087 eorundem,
2302 4020 2648 4077 renuntiavit
2684 4020 2742 4075 in
2778 4021 3100 4092 praesentia
3136 4019 3321 4077 Centii

649 4106 798 4163 card.
834 4110 894 4164 et
927 4107 1229 4179 Ugutionis
1266 4107 1410 4163 diac.
1449 4108 1597 4164 card.
1632 4126 1675 4164 s.
1701 4108 1903 4179 Angeli
1938 4111 1998 4165 et
2034 4107 2338 4165 Franconis
2374 4105 2667 4164 camerarii
2703 4106 2755 4163 d.
2793 4123 2994 4177 papae.

1709 4384 2051 4469 caprano.

1676 4504 2085 4578 (Ceperanum)

597 4635 603 4643 ·
642 4623 774 4681 Ant.
797 4622 1221 4696 Vitagliano
1256 4623 1306 4679 11
1343 4624 1597 4697 Ceprano
1630 4626 1926 4683 ravvivato
1963 4625 2166 4696 (Roma
2202 4625 2375 4694 1653).
2416 4655 2478 4667 -
2515 4625 2694 4682 Maro
2709 4643 2822 4681 cco
2857 4623 3204 4681 Monumenti
3239 4624 3317 4679 IV

442 4711 541 4767 159
559 4728 640 4780 sq.
685 4740 754 4751 —
808 4711 1069 4768 Mor-oni
1103 4710 1422 4767 Dizionario
1459 4712 1536 4767 Xl
1580 4713 1649 4768 83
1672 4731 1755 4782 sq.
1801 4742 1864 4753 -
1918 4711 1992 4767 M.
2019 4712 2283 4768 Tavani
2317 4711 2454 4767 Vita
2487 4712 2545 4767 di
2589 4712 2643 4768 S.
2669 4712 2950 4769 Ardovino
2985 4714 3222 4784 patrono
3258 4709 3317 4765 di

439 4795 691 4866 Ceprano
725 4796 926 4868 (Roma
965 4798 1136 4865 1868).
1183 4829 1246 4839 ·-
1296 4797 1455 4854 Giov.
1493 4797 1858 4854 Colasanti
1893 4798 2202 4871 Fregellae.
2274 4797 2460 4855 Storia
2491 4815 2523 4854 e
2557 4799 2873 4871 topografia
2907 4798 3107 4867 (Roma
3144 4798 3317 4867 1906).

650 4940 1057 5025 Ceperanum
1112 4940 1418 5026 oppidum
1471 4942 1540 5005 in
1591 4940 1788 5006 medii
1851 4942 1995 5005 aevi
2057 4940 2323 5006 historia
2379 4940 2753 5024 saepissime
2809 4940 3082 5003 occurrit
3134 4937 3316 5022 quasi

437 5043 715 5108 claustra
757 5046 940 5129 regni
972 5042 1227 5111 Siciliae
1275 5053 1341 5111 et
1370 5045 1512 5110 finis
1544 5066 1618 5110 ac
1650 5045 1956 5111 terminus
1988 5045 2254 5110 dominii
2282 5044 2342 5108 b.
2374 5044 2575 5128 Petri,
2623 5040 2794 5129 quod
2826 5039 3314 5123 extendebatur,

434 5149 528 5211 uti
575 5147 811 5214 docent
854 5149 995 5231 ipsa
1040 5148 1459 5233 documenta,
1524 5148 1606 5213 ab
1652 5147 2168 5234 Aquapendente
2228 5148 2293 5211 in
2338 5147 2573 5212 Tuscia
2616 5144 2759 5231 (aut
2799 5164 2841 5210 a
2883 5141 3315 5227 Radicofano)

432 5273 636 5337 usque
691 5249 775 5316 ad
829 5249 1254 5335 Ceperanum.
1345 5251 1716 5319 Subiectum
1769 5253 1890 5317 fuit
1933 5252 2244 5318 Verulani
2289 5253 2697 5336 episcopatus
2741 5246 3192 5329 iurisdictioni,
3242 5252 3315 5322 ut
