4055 6069
1629 473 1776 529 Mon.
1808 472 2160 530 Sublacense.
3252 484 3333 545 85

657 649 716 703 D
765 672 826 695 =
866 646 1176 703 chronicon
1223 647 1559 704 Sublacense
1605 647 1722 703 sive
1758 647 2065 720 Catalogus
2101 649 2372 705 abbatum
2407 667 2551 704 mon.
2587 650 2881 706 Sublacen.
2918 652 2991 708 ab
3029 670 3080 708 a.
3114 652 3336 710 circiter

863 736 965 791 595
1010 753 1186 806 usque
1230 736 1303 792 ad
1347 752 1398 792 a.
1437 735 1600 802 1390,
1655 740 1883 792 auctore
1930 736 2204 793 monacho
2249 736 2578 792 Sublacensi
2628 755 2902 809 anonymo
2950 741 3223 809 (Iohanne
3268 742 3336 797 de

861 823 1221 895 Aragonia?).
1274 853 1343 864 —
1389 822 1527 878 Edd.
1564 822 1837 879 Muratori
1883 823 1996 880 Scr.
2023 824 2207 879 XXIV
2245 826 2348 882 925
2375 844 2455 895 sq.
2501 828 2561 882 et
2603 825 2794 896 Antiq.
2833 826 2912 881 IV
2951 827 3084 886 1037
3103 848 3209 899 sq.;
3267 830 3337 884 cf.

862 911 1049 981 Troya
1085 912 1121 967 l.
1160 929 1205 967 c.
1232 912 1283 965 V
1318 911 1423 968 234
1438 932 1547 983 sq.;
1582 911 1772 967 Allodi
1808 911 1967 967 Cron.
2006 911 2299 969 Sublacen.
2325 913 2416 969 del
2456 912 2555 969 Ch.
2582 914 2777 970 Mirzio
2813 933 2869 985 p.
2897 915 2997 980 IX;
3036 916 3203 988 Egidi
3228 917 3265 972 l.
3290 934 3336 972 c.

865 1019 920 1071 p.
951 1000 1010 1054 11
1050 999 1142 1065 (de
1179 999 1334 1055 codd.
1373 998 1448 1054 ib.
1485 1004 1601 1056 not.
1626 1000 1694 1069 3).

659 1089 721 1142 E
765 1110 831 1134 =
868 1085 1175 1143 chronicon
1220 1085 1556 1143 Sublacense
1600 1087 1872 1158 scriptum
1909 1105 1944 1143 a
1980 1088 2039 1143 P.
2067 1088 2131 1143 D.
2158 1088 2447 1144 Wilielmo
2483 1088 2818 1160 Capisacchi
2854 1091 3159 1149 Narniensi
3194 1110 3245 1148 a.
3271 1093 3336 1149 D.

865 1175 1029 1238 1573,
1079 1172 1198 1229 cod.
1234 1176 1452 1245 autogr.
1490 1173 1731 1231 Subiaco
1787 1175 1953 1230 Arch.
1990 1174 2285 1231 abbaziale
2319 1175 2419 1243 (VI
2454 1195 2506 1230 n.
2538 1178 2649 1245 10);
2696 1178 2766 1233 cf.
2804 1178 2991 1234 Allodi
3026 1178 3063 1234 l.
3099 1196 3142 1234 c.
3179 1197 3233 1249 p.
3259 1179 3336 1243 X;

863 1259 1017 1317 Gott.
1051 1258 1258 1316 Nachr.
1286 1261 1416 1318 1901
1455 1279 1512 1331 p.
1535 1260 1661 1326 203;
1698 1261 1867 1333 Egidi
1891 1262 1928 1317 l.
1956 1279 2001 1317 c.
2040 1280 2094 1332 p.
2125 1263 2280 1332 14sq.
2308 1292 2372 1302 —-
2409 1263 2619 1319 Textus
2655 1281 2690 1319 a
2726 1263 3061 1335 Capisacchi
3096 1265 3337 1322 exhibiti

865 1348 939 1403 ad
973 1346 1328 1404 humaniores
1362 1346 1588 1404 litteras
1623 1346 1778 1403 illius
1813 1365 1956 1404 saec.
1983 1348 2116 1403 XVI
2153 1350 2341 1420 aptati
2377 1353 2522 1406 sunt.

664 1434 726 1489 F
766 1458 832 1482 =
867 1433 1181 1490 Bullatium
1237 1433 1525 1491 continens
1578 1434 1885 1507 privilegia
1937 1453 2274 1491 summorum
2341 1437 2667 1507 pontificum
2720 1441 2828 1495 etc.
2900 1439 3185 1510 descripta
3239 1456 3341 1509 per

867 1521 929 1577 P.
953 1521 1018 1576 D.
1045 1520 1424 1578 Cherubinum
1459 1520 1713 1578 Minium
1749 1522 2132 1580 Trevirensem
2169 1524 2272 1580 sub
2308 1542 2357 1579 a.
2396 1524 2460 1580 D.
2499 1526 2650 1591 1623,
2687 1526 2806 1581 cod.
2844 1529 3060 1598 autogr.
3098 1525 3339 1582 Subiaco

869 1609 1039 1666 Arch.
1076 1608 1372 1666 abbaniale
1407 1609 1507 1680 (VI
1542 1629 1595 1666 n.
1622 1610 1730 1680 15);
1776 1609 1845 1666 cf.
1892 1610 2206 1667 Bethmann
2262 1610 2321 1666 in
2355 1610 2565 1667 Archiv
2601 1611 2711 1677 ΧΠ
2755 1612 2886 1677 487ς
2938 1612 3090 1669 Gott.
3127 1613 3336 1669 Nachr.

871 1697 1000 1753 1901
1027 1715 1082 1768 p.
1109 1697 1228 1753 202.
1265 1728 1331 1736 —
1367 1697 1648 1768 Excerpta
1683 1714 1750 1754 ex
1786 1697 1893 1752 hoc
1930 1695 2173 1752 bullario
2208 1696 2574 1754 inveniuntur
2607 1699 2667 1753 in
2705 1699 2826 1755 cod.
2852 1699 2984 1755 Vat.
3010 1699 3174 1755 Barb.
3200 1699 3339 1756 2375

870 1783 1106 1852 (XXXII
1144 1784 1260 1849 166,
1297 1783 1434 1839 olim
1465 1783 1643 1853 2305),
1680 1802 1722 1839 s.
1748 1783 1909 1838 XVII
1946 1800 2048 1848 ex..
2084 1784 2122 1839 f.
2149 1784 2275 1847 306;
2314 1785 2383 1839 cf.
2421 1784 2572 1841 Gott.
2609 1785 2818 1841 Nachr.
2859 1786 2994 1844 1903
3028 1804 3084 1856 p.
3109 1786 3193 1841 85.

664 1869 714 1924 G
761 1893 825 1916 =
865 1868 1174 1925 Chronicon
1224 1869 1561 1927 Sublacense
1615 1888 1682 1927 ex
1737 1874 1926 1927 vetere
1978 1875 2311 1927 renovatum
2361 1873 2715 1928 emendatum
2765 1876 2824 1929 et
2867 1875 3094 1929 auctum
3142 1890 3244 1944 per
3278 1873 3339 1929 P.

866 1955 930 2011 D.
957 1955 1333 2013 Cherubinum
1378 1957 1630 2014 Mirtium
1666 1955 2049 2015 Trevirensem
2089 1975 2140 2013 a.
2168 1958 2229 2012 D.
2270 1958 2435 2023 1628,
2483 1959 2602 2014 cod.
2641 1963 2858 2031 autogr.
2896 1959 3138 2016 Subiaco
3174 1959 3340 2015 Arch.

868 2041 1159 2099 abbaziale
1197 2042 1268 2108 (V
1271 2043 1296 2097 1
1332 2062 1384 2098 n.
1412 2045 1515 2113 11).
1537 2074 1599 2085 —
1625 2044 1726 2099 Ed.
1752 2043 1810 2099 L.
1841 2043 2026 2099 Allodi
2063 2042 2312 2100 Cronaca
2346 2042 2682 2100 Sublacense
2719 2045 2811 2101 del
2849 2045 2909 2099 P.
2934 2045 2999 2100 D.
3026 2045 3341 2102 cherubino

866 2127 1060 2184 Mirzio
1096 2129 1170 2184 da
1207 2129 1435 2186 Treveri
1470 2128 1560 2185 in:
1596 2129 1691 2186 Gli
1728 2128 1880 2186 studi
1926 2129 1984 2185 in
2033 2128 2206 2185 Italia
2253 2129 2526 2186 1882-84
2576 2134 2636 2186 et
2678 2148 2794 2201 sep.
2833 2131 3010 2187 Roma
3048 2131 3231 2202 1885);
3270 2133 3340 2188 cf.

865 2214 1184 2271 Bethmann
1220 2215 1280 2271 in
1315 2215 1525 2271 Archiv
1561 2214 1668 2270 XII
1704 2216 1844 2279 486;
1889 2214 2044 2271 Gott.
2081 2215 2288 2270 Nachr.
2330 2215 2463 2270 1901
2503 2234 2558 2286 p.
2583 2217 2709 2282 2033
2753 2216 2918 2289 Egidi
2953 2218 2992 2272 1.
3019 2234 3064 2273 c.
3103 2236 3156 2288 p.
3182 2220 3342 2288 20sq.

868 2304 957 2370 (de
992 2302 1150 2358 codd.
1200 2302 1275 2357 ib.
1314 2321 1368 2373 p.
1391 2302 1456 2358 21
1494 2304 1650 2373 not.).
1687 2333 1750 2342 —-
1792 2300 1945 2364 Quae
1999 2300 2149 2357 circa
2196 2304 2385 2358 textus
2428 2302 2733 2359 editionem
2770 2304 2839 2359 de
2876 2303 3209 2374 Capisacchi
3248 2305 3342 2375 [Ε]

865 2387 1272 2454 adnotavimus,
1310 2389 1379 2445 de
1415 2388 1598 2444 Murtz
1634 2404 1855 2458 quoque
1893 2386 2132 2443 dicenda
2167 2391 2312 2444 sunt.

663 2475 729 2530 H
771 2499 838 2523 =
873 2476 987 2531 Fel.
1024 2475 1308 2532 Contelori
1343 2474 1543 2531 Bullae
1579 2475 1641 2530 et
1673 2474 1871 2530 brevia
1905 2473 2210 2531 Alexandri
2240 2474 2345 2542 III,
2401 2494 2441 2531 e.
2467 2475 2627 2531 XVII
2665 2475 2757 2542 in„
2795 2473 2973 2532 Roma
3011 2476 3175 2532 Arch.
3211 2477 3340 2534 Vat.

873 2560 1022 2619 Misc.
1059 2562 1208 2617 Arm.
1232 2561 1338 2616 Vll
1374 2564 1417 2617 t.
1445 2561 1564 2616 127.

665 2648 704 2701 Ι
766 2671 833 2695 ==
870 2648 928 2703 C.
964 2646 1274 2720 Margarini
1329 2647 1647 2703 Thesaurus
1699 2645 2000 2703 historicus
2044 2664 2235 2702 sacrae
2284 2650 2345 2703 et
2386 2645 2656 2717 politicae
2701 2645 2960 2703 veritatis
3017 2649 3125 2704 vol.
3166 2647 3343 2713 I-V,

870 2754 913 2790 s.
938 2734 1115 2800 XVII,
1151 2732 1328 2789 Roma
1363 2734 1530 2789 Arch.
1560 2733 1691 2790 Vat.
1727 2734 1877 2789 Arm.
1905 2733 2029 2787 LIV
2065 2737 2107 2789 t.
2136 2733 2298 2799 1-5;
2337 2734 2406 2789 cf.
2444 2733 2596 2790 Gott.
2634 2733 2841 2789 Nachr.
2882 2733 3018 2791 1900
3053 2752 3109 2805 p.
3133 2734 3250 2789 377.

663 2819 723 2873 1¹
763 2843 826 2867 =
865 2820 921 2875 C.
945 2818 1258 2892 Margarini
1290 2819 1467 2881 Belle,
1505 2818 1758 2889 diplomi,
1796 2818 2077 2891 giudicati
2112 2837 2143 2876 e
2167 2836 2404 2875 cronaca
2438 2819 2529 2875 del
2556 2837 2699 2875 mon.
2725 2818 2783 2875 di
2810 2818 3051 2876 Subiaco
3079 2820 3189 2875 vol.
3210 2819 3343 2886 LII,

564 2916 575 2929 ⁵
867 2924 909 2962 s.
934 2906 1112 2972 XVII,
1150 2906 1373 2963 Brescia
1407 2906 1554 2962 Bibl.
1594 2904 1933 2968 Queriniana
1968 2906 2012 2959 B
2048 2906 2099 2959 V
2137 2906 2183 2963 1.
2211 2907 2260 2961 2.

670 2993 733 3048 Κ
771 3016 835 3040 =
874 2992 1004 3050 Cod.
1029 2993 1160 3050 Vat.
1196 2992 1299 3049 lat.
1325 2993 1478 3060 7157,
1513 3011 1556 3049 s.
1581 2992 2045 3057 XVII—XVIII;
2090 2993 2161 3049 cf.
2197 2992 2350 3049 Gott.
2386 2992 2593 3049 Nachr.
2636 2992 2771 3051 1903
2806 3011 2861 3064 p.
2886 2994 2971 3048 21.
3017 3022 3083 3032 -
3131 2991 3341 3050 Textus

868 3098 935 3137 ex
970 3079 1290 3154 Margarino
1329 3080 1434 3151 (1²)
1472 3080 1791 3152 deprompti
1827 3083 1971 3136 sunt.

665 3165 718 3220 L
765 3189 829 3212 ===
867 3166 926 3222 L.
960 3167 1026 3221 A.
1063 3165 1333 3222 Muratori
1379 3167 1568 3234 Carte,
1621 3185 1663 3221 s.
1697 3166 1913 3232 XVIII,
1962 3165 2203 3221 Modena
2253 3165 2416 3220 Arch.
2471 3166 2530 3220 di
2566 3168 2717 3221 stato
2730 3187 2742 3230 ;
2795 3165 2861 3220 cf.
2908 3164 3181 3236 Pflugkfl.
3230 3166 3344 3221 Iter

870 3270 925 3323 p.
950 3253 1041 3317 54;
1079 3252 1233 3310 Gott.
1268 3253 1476 3309 Nachr.
1519 3253 1651 3308 1897
1687 3271 1742 3324 Ρ.
1768 3253 1887 3309 245.

671 3339 744 3394 Μ
772 3361 837 3385 =
873 3339 952 3395 St.
978 3339 1187 3412 Borgia
1222 3339 1531 3396 Bullatium
1571 3340 1727 3396 Lucii
1763 3340 1869 3404 ΙΙΙ,
1905 3359 1947 3393 s.
1972 3339 2179 3404 XVIII,
2220 3340 2393 3395 Roma
2430 3338 2573 3393 Bibl.
2603 3339 2734 3394 Vat.
2771 3338 2963 3394 Museo
2998 3336 3231 3409 Borgia;
3270 3337 3339 3392 cf.

875 3425 1028 3482 Gott.
1066 3426 1274 3483 Nacbr.
1313 3427 1450 3483 1903
1483 3445 1539 3498 Ρ.
1565 3427 1632 3481 74
1650 3445 1730 3496 sq.

667 3512 734 3566 N
771 3535 836 3559 =
873 3512 937 3568 G.
965 3513 1023 3569 C.
1049 3513 1340 3569 Fatteschi
1375 3514 1736 3570 Monumenta
1771 3512 2160 3579 Sublacensia,
2214 3532 2256 3567 S.
2283 3512 2470 3567 XVIII
2507 3529 2614 3575 ex.‚
2668 3509 2845 3566 Roma
2895 3509 3042 3567 Bibl.
3075 3509 3345 3566 Vittorio·

872 3599 1173 3656 Emanuele
1223 3600 1341 3656 cod.
1378 3601 1515 3658 2116
1549 3600 1690 3670 (cod.
1741 3600 1943 3657 Sessor.
1998 3601 2148 3670 217);
2203 3600 2270 3654 cf.
2325 3600 2641 3655 Bethmann
2689 3598 2749 3652 in
2802 3596 3009 3654 Archiv
3058 3597 3168 3651 XII
3215 3596 3343 3662 399;

870 3685 1024 3743 Gott.
1060 3686 1268 3743 Nachr.
1309 3688 1443 3745 1903
1480 3706 1535 3759 Ρ.
1561 3687 1679 3744 143.

673 3772 720 3828 0
779 3797 843 3820 =
880 3774 941 3829 P.
975 3774 1034 3829 L.
1078 3774 1316 3831 Galletti
1359 3774 1721 3832 Miscellanea
1763 3774 1872 3829 vol.
1906 3773 2000 3838 IV,
2056 3793 2098 3830 s.
2144 3774 2359 3840 XVIII,
2414 3775 2531 3829 cod.
2568 3773 2699 3829 Vat.
2748 3766 2850 3828 lat.
2888 3771 3022 3828 7925
3074 3771 3112 3826 f.
3146 3772 3215 3827 95
3232 3788 3342 3840 sq.:

870 3860 1167 3931 Appendix
1212 3862 1284 3917 ad
1322 3860 1634 3918 Chronicon
1671 3860 2005 3918 Sublacense
2042 3860 2161 3917 sive
2198 3861 2491 3933 catalogus
2537 3860 2962 3931 praecipuarum
3002 3858 3339 3922 chartarum,

871 3964 1014 4016 quae
1051 3946 1111 4002 in
1147 3946 1472 4006 Sublacensi
1507 3947 1735 4005 archivo
1771 3948 2165 4015 adservantur3
2202 3949 2270 4003 cf.
2308 3947 2462 4003 Gott.
2499 3946 2707 4002 Nachr.
2746 3946 2880 4003 1903
2915 3964 2971 4016 Ρ.
2997 3946 3082 4000 22.

674 4157 999 4243 Excerpta
1044 4179 1129 4224 ex
1169 4157 1427 4221 archivo
1457 4156 1861 4222 inveniuntur
1905 4156 2077 4242 apud
2110 4156 2419 4221 Muratori
2449 4155 2666 4240 Antiq.
2691 4155 2751 4218 V
2785 4157 2907 4220 769
2933 4178 3025 4240 sq.
3074 4159 3140 4219 et
3170 4154 3343 4239 apud

461 4260 729 4328 Galletti
786 4261 1200 4329 Miscellanea
1253 4262 1377 4327 vol.
1419 4262 1600 4327 XVI.
1647 4262 1875 4347 XXX,
1939 4261 2080 4326 cod.
2123 4262 2271 4326 Vat.
2326 4261 2437 4325 lat.
2501 4262 2685 4324 7937.
2736 4262 2935 4341 7951,
3003 4264 3068 4322 et
3135 4257 3339 4342 Spici-

462 4367 723 4452 legium,
755 4366 894 4432 cod.
921 4366 1068 4432 Vat.
1102 4366 1212 4431 lat.
1248 4370 1413 4432 8054
1450 4365 1559 4452 (cf.
1593 4365 1770 4432 Gott.
1802 4366 2038 4431 Nachr.
2080 4369 2240 4430 1903
2275 4385 2338 4448 p.
2374 4361 2675 4448 23-—25).
2725 4362 2953 4427 Plures
2977 4382 3143 4427 saec.
3169 4361 3338 4427 XIII

462 4470 671 4537 bullas
725 4491 809 4535 ex
876 4468 1191 4535 tabulario
1247 4469 1621 4537 Sublacensi
1689 4470 1891 4535 edidit
1946 4469 2019 4534 F.
2069 4469 2369 4534 Liverani
2436 4469 2501 4531 in
2573 4466 2919 4551 Spicilegio
2993 4464 3338 4531 Liber-iano

465 4574 858 4659 (Florentiae
911 4573 1121 4658 1863).

460 4734 545 4812 †1
2831 4725 2956 4789 596
3004 4725 3137 4789 iun.
3169 4727 3257 4788 28

461 4834 887 4919 Gregorius
941 4835 973 4898 I
1039 4835 1374 4900 Honorato
1434 4832 1651 4898 abbati
1707 4841 1856 4897 etc.:
1928 4832 2265 4896 confirmat
2319 4831 2776 4896 monasterium
2839 4849 2982 4894 cum
3044 4827 3223 4892 cellis
3278 4834 3345 4892 et

461 4959 657 5024 specu
712 4961 761 5003 s.
801 4937 1170 5021 Benedicti,
1236 4938 1448 5003 lacum
1518 4941 1584 5002 et
1636 4936 1990 5021 aquimola,
2057 4934 2391 5000 castellum
2436 4933 2744 5017 Sublacu,
2819 4935 2895 4996 12
2928 4932 3339 5014 monasteria,

463 5041 819 5108 chartulam
856 5042 1125 5108 Tertulli
1169 5043 1420 5127 patricii
1465 5041 1752 5126 aliasque
1798 5040 2072 5121 chartas,
2119 5045 2186 5103 et
2230 5037 2524 5103 concedit
2566 5057 2841 5102 massam
2873 5034 3223 5121 Apollonii.
3255 5071 3339 5080 -

463 5145 531 5210 Si
575 5164 832 5229 semper
875 5151 1037 5210 sunt.
1106 5146 1239 5211 Scr.
1271 5168 1333 5230 p.
1378 5166 1459 5209 m.
1493 5142 1829 5209 Benedicti
1876 5143 2060 5208 scrin.
2094 5142 2158 5206 S.
2190 5142 2269 5207 R.
2302 5141 2400 5225 E„
2447 5163 2530 5205 m.
2562 5139 2799 5220 madi0‚
2845 5139 2973 5204 ind.
3015 5142 3111 5203 12.
3185 5137 3338 5203 Dat.

463 5252 501 5311 4
532 5245 663 5312 kal.
710 5246 816 5312 iul.
850 5270 912 5333 p.
946 5270 1030 5313 m.
1077 5247 1379 5315 Iohannis
1425 5270 1526 5333 ep.
1574 5269 1623 5311 s.
1655 5245 1973 5312 Albanen.
2008 5245 2163 5311 eccl.
2205 5252 2272 5309 et
2313 5243 2467 5309 bibl.
2515 5266 2594 5308 ss.
2629 5249 2833 5329 apost.
2867 5242 3057 5325 sedis,
3104 5262 3160 5305 a.
3192 5240 3336 5306 Deo
