4055 6069
656 496 737 556 22
1978 487 2217 544 Latium.

1744 783 2131 853 Gurdimer
2176 800 2436 852 comeS.

655 872 733 933 *1
3128 870 3425 933 558-60

654 977 1030 1062 Pelagius
1083 977 1116 1040 Ι
1185 976 1550 1041 Gurdimeri
1614 977 1861 1041 comiti:
1931 976 2152 1041 scribit
2216 977 2378 1059 „ista
2443 981 2630 1060 prata
2681 976 2747 1039 in
2798 977 2904 1040 via
2956 875 3328 1058 Port(uensi,
3377 875 3541 1060 qdae

655 1080 979 1165 Epreiana
1023 1088 1349 1165 vocantur,
1394 1082 1733 1165 primotica
1776 1079 1983 1144 sunt“.
2032 1122 2115 1132 —
2162 1081 2297 1144 Ista
2341 1088 2547 1165 prata.

867 1184 992 1238 Con.
1032 1184 1197 1238 Britt.
1237 1184 1446 1254 Pelayii
1480 1184 1515 1237 1
1552 1200 1632 1253 ep.
1656 1190 1733 1237 62.
1771 1214 1837 1222 —
1877 1183 2046 1253 Reqq.
2083 1182 2281 1236 Ewald
2311 1183 2375 1236 in
2411 1182 2483 1237 N.
2509 1181 2709 1237 Archiv
2745 1182 2796 1236 V
2820 1190 2914 1238 559
2947 1197 3001 1236 n.
3028 1188 3104 1237 62.
3143 1181 3255 1237 JK.
3294 1188 3437 1237 1034.

1821 1400 2050 1469 Ponte
2095 1399 2381 1469 Galera.

1962 1521 2250 1590 (Galeria)

871 1644 1080 1709 Huius
1123 1647 1397 1710 nominis
1444 1646 1569 1710 duo
1614 1646 1759 1710 loca
1803 1647 2273 1731 cognoscimus,
2322 1644 2594 1709 alterum
2638 1645 2705 1707 in
2747 1643 2852 1707 via
2896 1642 3197 1707 Cornelia
3241 1662 3444 1725 prope
3493 1664 3541 1704 s.

659 1749 956 1813 Rufinam
1004 1750 1072 1833 (i.
1106 1772 1162 1813 c.
1212 1749 1451 1815 Silvam
1491 1749 1899 1835 Candidam)‚
1945 1749 2217 1814 alterum
2264 1751 2330 1813 in
2361 1750 2464 1813 via
2494 1746 2855 1831 Portuensi,
2900 1746 3010 1810 ubi
3052 1747 3259 1810 influit
3307 1744 3545 1810 Galera

658 1854 897 1918 flumen
928 1853 1252 1938 Tyberim,
1300 1855 1362 1917 in
1396 1853 1676 1918 dioecesi
1706 1854 2067 1937 Portuensi‚
2113 1852 2306 1917 hodie
2353 1855 2560 1918 Ponte
2607 1850 2847 1915 Galera
2891 1849 3002 1936 (cf.
3050 1850 3437 1914 Tomassetti
3480 1849 3545 1912 in

661 1956 855 2020 Arch.
891 1956 1063 2020 della
1095 1955 1239 2020 Soc.
1272 1956 1460 2021 Rom.
1493 1956 1730 2021 XXIII
1775 1955 2002 2042 (1900)
2055 1961 2172 2022 134
2204 1954 2349 2041 sq.).
2375 1992 2460 2000 —
2483 1954 2560 2018 In
2590 1954 2902 2018 ambob'us
2946 1954 3045 2017 his
3076 1954 3234 2018 locis
3264 1952 3544 2018 Hadria-

661 2081 777 2123 nus
808 2061 842 2123 I
890 2060 1118 2125 domus
1165 2061 1367 2124 cultas
1413 2060 1700 2125 condidit
1744 2060 1832 2146 (n.
1883 2059 1964 2146 1.).
2058 2061 2224 2124 Tota
2270 2058 2533 2124 Galeria
2579 2081 2724 2123 cum
2770 2059 3013 2123 colonis
3071 2064 3138 2123 et
3198 2057 3545 2123 colonabus

660 2165 789 2226 suis
835 2165 1031 2228 etiam
1078 2165 1440 2228 nominatur
1483 2165 1650 2229 inter
1693 2166 2131 2248 possessiones
2174 2164 2545 2227 monasterii
2591 2186 2638 2226 s.
2686 2162 2875 2228 Pauli
2922 2162 3002 2228 de
3046 2161 3226 2228 Urbe
3272 2163 3335 2225 in
3381 2161 3543 2227 Gre-

660 2268 823 2352 gorii
858 2268 986 2332 VH
1031 2267 1368 2352 privilegio
1416 2265 1501 2351 (V.
1549 2268 1779 2350 Roma,
1825 2267 1998 2331 Eccl.
2047 2290 2095 2331 s.
2143 2268 2330 2331 Pauli
2378 2272 2561 2331 extra
2607 2287 2822 2331 muros
2869 2289 2928 2330 n.
2972 2264 3095 2351 16).

660 2438 738 2501 *1
3094 2437 3462 2521 (772—95)

660 2542 1104 2608 Hadrianus
1134 2544 1167 2607 I
1216 2545 1650 2611 domocultam
1696 2544 2056 2625 Galeriam,
2118 2567 2254 2630 pos.
2301 2545 2406 2607 via
2451 2543 2755 2607 Portuen.
2811 2542 2943 2606 mil.
2991 2542 3072 2607 ab
3130 2540 3287 2606 urbe
3331 2540 3542 2606 Roma

660 2645 804 2731 plus
850 2647 1059 2710 minus
1089 2647 1243 2730 XII,
1290 2669 1434 2713 cum
1480 2648 1692 2713 fundis
1739 2654 1804 2713 et
1850 2647 2187 2732 casalibuS,
2234 2649 2457 2727 vineis,
2502 2647 2844 2732 aquimolis
2890 2668 3004 2711 seu
3048 2646 3438 2711 monasterio
3484 2643 3544 2707 b.

661 2751 1015 2833 Laurentii,
1062 2773 1199 2835 poe.
1240 2754 1303 2815 in
1334 2754 1540 2818 insula
1571 2753 1804 2817 Portus
1832 2752 2133 2835 Romani,
2180 2773 2324 2816 cum
2369 2753 2572 2815 vineis
2618 2752 2678 2815 ei
2723 2749 3186 2835 pertinentibus
3230 2748 3545 2832 simulque

665 2859 731 2918 et
776 2854 1101 2918 lecticaria
1148 2877 1207 2940 q.
1242 2877 1299 2921 v.
1346 2857 1628 2940 Asprula
1675 2907 1688 2920 .
1726 2906 1739 2919 .
1787 2857 2009 2920 statuit
2066 2877 2183 2941 per
2226 2855 2647 2940 apostolicum
2701 2855 3106 2940 privilegium
3161 2852 3277 2917 sub
3321 2850 3549 2916 validis

665 2956 1093 3020 anathematis
1150 2957 1674 3044 obligationibus,
1734 2964 1804 3022 ut
1862 2959 1927 3021 in
1983 2979 2102 3022 usu
2156 2964 2223 3022 et
2276 2958 2535 3043 propria
2578 2958 2855 3023 utilitate
2911 2964 3170 3022 sanctae
3216 2955 3548 3020 Romanae

666 3062 978 3126 ecclesiae
1029 3063 1397 3145 perenniter
1441 3070 1834 3147 permaneat.

665 3249 765 3304 JE
871 3163 1055 3220 Laud.
1113 3164 1178 3218 in
1231 3164 1357 3218 Vita
1409 3165 1697 3220 Hacbm'am'
1727 3166 1770 3220 I
1810 3165 1953 3233 (Lib.
2001 3166 2207 3237 pontif.
2262 3165 2340 3220 ed.
2395 3164 2682 3219 Duchesne
2705 3165 2748 3219 I
2789 3167 2926 3233 502).
2980 3195 3047 3205 —
3100 3164 3254 3235 Reyq.
3305 3165 3367 3220 J.
3402 3170 3551 3218 1904.

761 3291 773 3304 .
811 3258 911 3305 248
918 3258 955 3305 7.

1046 3338 1115 3392 cf.
1161 3337 1468 3395 Deusdedit
1509 3338 1607 3394 lib.
1644 3339 1723 3394 III
1769 3357 1816 3394 c.
1858 3339 1955 3394 189
1994 3339 2140 3410 [149]
2205 3338 2349 3407 (edd.
2386 3337 2719 3394 Martinucci
2756 3357 2811 3409 p.
2837 3338 2963 3404 315;
3019 3336 3182 3393 Wolf
3212 3355 3260 3392 v.
3294 3335 3550 3392 Glanvell

877 3442 933 3494 p.
956 3424 1099 3495 352).
1170 3424 1408 3481 Albinus
1444 3425 1541 3481 lib.
1566 3426 1633 3480 X.
1707 3425 1941 3483 Oeneius
1979 3443 2023 3480 c.
2054 3427 2115 3480 71
2156 3426 2261 3494 (ed.
2300 3424 2842 3481 Fabre-Duchesnel
2880 3424 3022 3492 346).

1813 3658 2407 3735 CERVETRI.

1992 3761 2228 3832 (caere)

875 3884 1122 3940 Piazza
1158 3885 1461 3940 Gerarchia
1498 3885 1646 3941 card.
1683 3903 1739 3955 p.
1763 3885 1832 3939 82
1855 3903 1936 3954 sq.
1976 3914 2040 3925 -
2088 3885 2145 3940 L.
2176 3884 2439 3940 Canina
2475 3883 2823 3940 Descrizione
2858 3883 2915 3938 di
2955 3883 3091 3939 Cere
3124 3883 3317 3950 antica
3354 3884 3552 3952 (Roma

671 3972 843 4042 1838).
898 4002 964 4011 —
1017 3973 1247 4043 Nibby
1283 3973 1500 4029 Analisi
1540 3975 1562 4007 ¹
1597 3975 1622 4027 I
1658 3973 1761 4028 335
1781 3991 1864 4042 sq.
1912 4003 1977 4012 —
2035 3971 2480 4044 Cappelletti
2517 3972 2542 4026 Ι
2578 3973 2678 4027 547
2707 3990 2788 4041 sq.
2843 4002 2902 4011 —
2955 3971 3020 4027 G.
3046 3971 3459 4027 Tomassetti
3495 3970 3551 4025 in

669 4058 834 4113 Arch.
873 4058 1024 4115 della
1060 4058 1179 4114 Soc.
1218 4060 1376 4115 Rom.
1410 4060 1490 4114 lv
1527 4060 1707 4129 (1881)
1742 4060 1847 4116 244
1869 4077 1950 4129 sq.

885 4216 1091 4281 Caere
1137 4238 1302 4303 quae
1349 4224 1415 4283 et
1456 4216 1716 4304 Agylla,
1763 4218 2205 4303 antiquissima
2250 4215 2601 4281 Tuscorum
2648 4216 2825 4299 urbs,
2873 4218 3158 4303 episcopi
3204 4217 3392 4283 sedes
3435 4218 3555 4282 fuit

670 4340 872 4404 usque
919 4319 1003 4383 ad
1049 4325 1342 4404 tempora
1399 4320 1637 4385 Leonis
1666 4319 1768 4383 IX
1814 4317 1923 4403 (cf.
1969 4319 2235 4405 Ughelli
2268 4320 2295 4358 ²
2328 4319 2423 4384 X*
2467 4322 2547 4383 33
2573 4342 2699 4404 sq.;
2765 4319 2990 4406 Giorgi
3043 4321 3211 4385 Diss.
3265 4321 3411 4385 hist.
3473 4319 3552 4385 de

674 4423 981 4488 cathedra
1039 4425 1233 4508 episc.
1290 4423 1507 4488 Setiae
1560 4445 1623 4507 p.
1674 4426 1787 4500 263
1850 4423 1925 4488 L.
1967 4422 2311 4489 Duchesne
2368 4424 2432 4486 in
2485 4423 2681 4488 Arch.
2740 4423 2911 4488 della
2982 4425 3124 4491 Soc.
3192 4425 3381 4489 Rom.
3427 4424 3553 4489 XV

673 4526 900 4612 (1892)
946 4526 1120 4612 485).
1211 4527 1339 4592 Sed
1383 4527 1571 4592 huius
1616 4527 2021 4613 episcopatus
2068 4526 2454 4592 documenta
2498 4528 2755 4593 omnino
2805 4526 3266 4593 desiderantur.

889 4631 1183 4696 Civitatis
1229 4653 1484 4718 quoque
1541 4632 1809 4697 historia
1866 4633 1931 4696 in
1983 4631 2182 4697 medii
2227 4633 2371 4697 aevi
2416 4632 2688 4697 saeculis
2727 4653 2935 4716 paene
2979 4635 3201 4717 ignota
3244 4639 3553 4699 remanet.

675 4736 753 4799 In
783 4736 1136 4801 Clementis
1167 4736 1271 4800 III
1319 4744 1536 4801 autem
1567 4737 1903 4821 privilegio
1951 4735 2171 4801 abbati
2200 4737 2572 4801 monasterii
2617 4758 2666 4799 s.
2696 4736 3031 4801 Michaelis
3076 4759 3137 4822 q.
3173 4737 3231 4802 d.
3281 4737 3556 4822 Subripa

674 4861 977 4905 concesso
1007 4839 1212 4905 Caere
1257 4847 1441 4906 vetus
1471 4842 1637 4905 inter
1680 4842 2116 4923 possessiones
2147 4841 2332 4905 huius
2377 4842 2746 4904 monasterii
2777 4848 3189 4907 memoratur.
3261 4842 3555 4909 Castrum

674 4964 828 5009 vero
876 4944 1081 5009 Caere
1128 4966 1295 5010 saec.
1328 4944 1465 5009 XII
1510 4966 1549 5008 a
1590 4944 1904 5009 Romanis
1957 4943 2362 5029 pontificibus
2407 4944 2602 5008 Petro
2647 4945 2946 5009 Latronis
3001 4966 3370 5012 concessum
3416 4947 3554 5032 fuit,

674 5054 746 5114 ut
791 5054 973 5132 patet
1017 5069 1100 5113 ex
1145 5048 1383 5113 Albino
1431 5055 1498 5114 et
1540 5048 1778 5113 Cencio
1826 5046 1957 5133 (ed.
2002 5047 2591 5114 Fabre-Duchesne
2622 5047 2656 5110 I
2707 5052 2782 5112 10
2796 5072 2811 5125 ;
2857 5047 2926 5111 Π
2977 5050 3151 5135 109);

1221 5153 1496 5238 „Petrus
1539 5154 1737 5218 Latro
1769 5152 1837 5216 11
1883 5152 2322 5217 morabutinos
2367 5173 2482 5236 pro
2531 5159 2739 5218 castro
2784 5152 3013 5219 Cere.“

677 5256 767 5322 At
810 5259 1214 5345 privilegium
1261 5257 1341 5325 de
1386 5279 1457 5323 re
1502 5257 1587 5323 ad
1630 5278 1746 5322 nos
1790 5258 2052 5322 minime
2097 5257 2409 5343 pervenit.
