4055 6069
1534 470 1907 541 Episcopatus
1923 518 1927 522 ,
1942 471 2273 527 Verulanus.
3233 479 3255 538 Ι
3269 479 3353 538 59

464 649 549 711 18
2113 645 2345 711 ‘Roma
2389 644 2454 711 S.
2485 643 2698 710 Pietro
2746 645 2915 710 1155
2956 651 3144 713 mart.
3181 648 3265 713 15

462 752 600 817 Leo
649 772 751 836 ep.
797 751 970 817 locat
1011 750 1420 816 Hadriano
1466 751 1563 816 IV
1609 750 1870 816 domum
1916 773 2120 837 suam,
2167 750 2413 817 scilicet
2456 774 2506 816 s.
2539 750 2869 835 Andreae,
2915 772 3111 838 quam
3156 752 3355 818 habet

461 856 528 919 in
570 862 780 921 castro
825 855 1062 920 Montis
1107 877 1157 920 s.
1189 855 1495 920 Iohannis
1554 855 1636 921 ad
1681 863 1937 941 portam
1995 856 2284 922 eiusdem
2339 857 2531 921 castri
2574 857 2756 921 iuxta
2799 877 3071 921 murum.
3164 856 3355 931 Quod

462 959 704 1024 factum
749 964 848 1023 est
890 979 1008 1044 per
1042 959 1397 1026 Iohannem
1444 959 1616 1025 card.
1650 961 1745 1024 tit.
1779 982 1860 1024 ss.
1893 959 2200 1025 Iohannis
2245 965 2311 1025 et
2339 959 2551 1043 Pauli,
2598 960 2899 1024 comitem
2930 959 3352 1045 Campaniae,

464 1068 529 1126 et
568 1060 927 1129 Giffredum
973 1063 1257 1129 subdiac.
1304 1065 1610 1149 episcopi,
1656 1064 1740 1129 ad
1784 1064 1950 1130 hanc
1994 1064 2381 1130 locationem
2412 1069 2917 1149 procuratorem,
2964 1085 3128 1149 quae
3177 1085 3353 1130 com-

461 1166 639 1251 pleta
705 1172 804 1232 est
853 1165 1106 1233 Romae
1160 1186 1264 1252 ap.
1323 1189 1372 1231 s.
1414 1168 1713 1253 Petrum,
1778 1169 1844 1233 in
1906 1167 1966 1232 d.
2029 1187 2242 1253 papae
2307 1166 2585 1252 palatio,
2654 1169 2997 1233 constituta
3052 1167 3352 1235 mercede

463 1274 500 1333 4
534 1269 679 1335 den.
726 1269 996 1356 Papien.

668 1383 721 1436 A
756 1383 834 1449 (n.
871 1386 1012 1451 228).
1049 1413 1116 1423 —
1156 1383 1280 1453 1309.
1315 1383 1433 1439 JL.
1470 1414 1555 1439 —.

465 1505 546 1566 19
2742 1507 2944 1588 (1159
2986 1507 3119 1571 ian.
3155 1509 3269 1590 18)

462 1606 563 1671 Ex
616 1616 964 1695 praecepto
1012 1608 1427 1695 (Hadriani
1479 1609 1605 1695 IV)
1658 1608 2012 1675 Rainaldus
2069 1629 2286 1673 comes
2329 1609 2571 1695 Aquini
2628 1615 2696 1673 et
2739 1608 3126 1694 Landulfus,
3186 1611 3354 1675 filius

463 1711 789 1798 Pandulfi,
845 1714 1034 1779 iurati
1087 1716 1497 1800 promittunt,
1554 1735 1623 1779 se
1670 1714 1773 1779 die
1821 1736 1859 1779 a
1905 1713 1965 1778 d.
2014 1735 2186 1799 papa
2231 1719 2469 1779 statuto
2517 1712 2601 1778 ad
2647 1714 2954 1778 iustitiam
2999 1715 3201 1780 Leoni
3250 1738 3351 1802 ep.

464 1817 827 1883 faciendam
880 1818 962 1883 de
1008 1817 1514 1904 possessionibus
1559 1818 1626 1882 in
1671 1818 1987 1882 territorio
2020 1818 2258 1882 Montis
2305 1840 2355 1883 s.
2387 1815 2690 1883 Iohannis
2719 1816 2997 1883 Romam
3044 1820 3242 1884 ituros
3290 1828 3356 1885 et

464 1920 766 2013 iudicium
812 1922 874 1987 d.
920 1944 1131 2008 papae
1163 1922 1610 1988 observaturos
1656 1944 1819 2007 esse,
1865 1922 1985 1986 nisi
2030 1921 2189 1986 infra
2234 1923 2577 1986 terminum
2609 1928 2917 1988 statutum
2963 1923 3141 1989 litem
3188 1925 3356 1991 inter

463 2047 531 2090 se
578 2026 878 2111 placabili
924 2029 1342 2093 conventione
1388 2028 1629 2092 finiant.

670 2140 740 2193 A.
779 2138 864 2207 [B
898 2156 939 2192 s.
971 2139 1106 2193 XII
1133 2142 1211 2208 (n.
1240 2146 1355 2194 655.
1395 2141 1532 2202 473).
1572 2139 1649 2209 Ι].
1713 2170 1759 2179 -
1806 2138 1912 2194 Ed.
1954 2138 2226 2208 Ptluka.
2264 2139 2378 2192 Iter
2405 2156 2463 2207 p.
2489 2146 2592 2193 487
2625 2157 2677 2193 n.
2708 2147 2784 2193 74.
2840 2171 2900 2179 *-
2941 2140 3108 2212 Reyy.
3156 2141 3355 2211 Uqhelli

470 2227 484 2257 ¹
516 2223 595 2276 1*
621 2231 750 2289 2935
787 2227 808 2258 ²
835 2226 1029 2282 11392.
1068 2225 1338 2298 Plluqu.
1379 2225 1491 2280 Iter
1516 2243 1575 2294 p.
1602 2233 1695 2280 261
1729 2244 1785 2280 n.
1814 2232 1922 2280 552.
1979 2224 2087 2281 JL.
2125 2256 2208 2281 -.

842 2321 948 2377 Sed
985 2324 1177 2391 partes
1212 2321 1639 2379 conventionem
1673 2320 2035 2376 amicabilem
2069 2319 2336 2375 inierunt.

460 2442 545 2502 20
2896 2445 3236 2507 1159—60

463 2546 916 2613 Alexander
963 2547 1066 2613 ΙΙΙ
1109 2549 1437 2614 Verulano
1493 2570 1625 2634 ep.:
1695 2548 2070 2633 respondet,
2127 2547 2301 2633 quod
2359 2547 2572 2613 clerici
2637 2548 2804 2612 infra
2858 2445 3353 2613 gubdiacongtus

462 2649 751 2715 ordinem
797 2653 1143 2737 constituti,
1190 2655 1299 2739 qui
1343 2674 1580 2718 uxores
1625 2654 1963 2738 accipiunt,
2011 2652 2461 2717 ecclesiasticis
2506 2651 2731 2735 procul
2780 2649 2974 2716 dubio
3021 2650 3351 2716 beneficiis

464 2753 588 2816 sint
631 2755 942 2837 privandi.
992 2796 1073 2803 —
1121 2755 1311 2831 Quod
1357 2778 1395 2821 a
1440 2762 1525 2821 te.

670 2865 813 2933 App.
855 2881 996 2919 conc.
1049 2866 1174 2922 Lat.
1210 2872 1247 2921 t.
1271 2876 1338 2922 60
1373 2884 1417 2921 c.
1450 2875 1479 2921 7
1527 2884 1595 2921 ezr
1644 2866 1944 2922 Maeandri
1989 2865 2098 2919 III
2133 2866 2361 2937 registro
2412 2865 2498 2919 zib.
2535 2865 2583 2920 Ι.
2660 2866 2840 2935 Comp.
2879 2866 2919 2920 Ι
2951 2867 2988 2921 1.
3013 2873 3046 2921 3
3091 2873 3125 2920 t.
3153 2872 3188 2920 3
3230 2884 3275 2921 c.
3305 2876 3351 2921 5.

463 2949 619 3004 Decr.
656 2951 912 3017 Greqon‘i
950 2953 1047 3007 IX
1091 2955 1123 3008 1.
1160 2953 1271 3007 111
1308 2961 1342 3008 t.
1377 2960 1411 3008 3
1455 2969 1497 3009 c.
1539 2962 1587 3008 3.
1642 2984 1709 2994 —
1772 2953 1912 3008 Edd.
1959 2952 2260 3022 Anqustim'
2311 2952 2602 3007 Tarracon.
2649 2952 2788 3021 Opp.
2836 2953 2928 3007 IV
2972 2962 3077 3008 145.
3163 2955 3355 3007 Mami

472 3037 670 3092 XXII
698 3046 803 3092 429
839 3057 881 3092 c.
914 3049 943 3094 7
980 3064 1039 3086 ε
1082 3041 1269 3110 Miqne
1307 3040 1399 3096 CC
1427 3048 1494 3095 82
1526 3058 1583 3095 n.
1612 3051 1684 3096 11.
1756 3040 2050 3110 Friedbery
2087 3039 2163 3093 ΙΙ
2189 3047 2296 3093 457.
2337 3070 2398 3079 —
2441 3040 2601 3109 Reqy.
2638 3042 2692 3096 J.
2735 3047 2875 3095 7142.
2927 3040 3034 3095 JL.
3077 3049 3252 3096 10608.

466 3216 549 3276 21
2733 3213 2736 3214 ⁷
2897 3217 3237 3277 1160—61

467 3317 915 3384 Alexander
957 3320 1064 3383 ΙΙΙ
1116 3320 1444 3385 Verulano
1511 3343 1645 3407 ep.:
1711 3319 2094 3404 respondet,
2160 3326 2229 3383 ut
2287 3319 2338 3384 I.
2385 3320 2818 3403 praesentium
2866 3215 3178 3402 datorem,
3231 3217 3349 3405 )qui

469 3443 750 3486 sororem
791 3425 1009 3488 uxoris
1049 3446 1201 3489 suae
1239 3426 1579 3490 carnaliter
1610 3431 2021 3510 cognoverat,
2071 3423 2327 3487 studeat
2357 3421 2856 3488 Hierosolimam
2891 3421 3232 3487 destinare.
3267 3460 3350 3469 —

467 3524 567 3589 Ex
613 3526 926 3592 relatione
972 3527 1024 3591 Ι.

673 3639 816 3705 App.
854 3655 1001 3693 conc.
1040 3639 1162 3693 Lat.
1200 3645 1238 3695 t.
1267 3648 1336 3695 50
1370 3657 1412 3693 c.
1438 3649 1469 3694 5
1503 3656 1567 3693 a
1601 3638 1913 3694 Αλετεαηᾱνί
1937 3638 2047 3692 ΙΙΙ
2071 3639 2299 3708 rcqistro
2333 3638 2420 3690 lib.
2447 3636 2529 3690 ΙΙ.
2588 3635 2764 3704 Gomp.
2804 3636 2845 3689 I
2869 3637 2901 3689 l.
2922 3646 2952 3689 4
2991 3641 3028 3690 t.
3057 3642 3115 3690 13
3148 3652 3190 3690 c.
3214 3646 3259 3691 5.
3287 3668 3352 3678 -

474 3721 620 3778 Edd.
671 3726 968 3793 Auyustini
1019 3725 1306 3781 Tarracon.
1361 3728 1494 3795 Opp.
1532 3725 1622 3779 IV
1665 3734 1783 3781 254.
1866 3725 2057 3779 Mami
2106 3724 2308 3778 XXII
2343 3728 2450 3777 428
2489 3738 2530 3776 c.
2557 3730 2590 3775 6
2633 3746 2696 3768 =
2733 3722 2920 3790 Miyne
2964 3721 3058 3776 00
3090 3731 3155 3776 97
3194 3741 3249 3778 n.
3274 3731 3352 3778 26.

471 3807 763 3879 Fricdberq
801 3810 1051 3880 Quinque
1084 3813 1484 3882 compilationes
1516 3814 1775 3881 antiquae
1804 3830 1861 3880 p.
1891 3819 1974 3866 50.
2013 3844 2080 3854 —
2121 3810 2277 3880 Reqq.
2317 3809 2368 3864 J.
2412 3814 2543 3864 7153.
2603 3808 2719 3863 JL.
2759 3815 2938 3864 10641.

466 3963 591 4028 *22
2896 3965 3253 4029 1162--65

467 4067 666 4134 Iulius
711 4093 813 4157 ep.
846 4072 1324 4157 Praenestinus,
1355 4076 1626 4139 vicarius
1671 4073 2103 4138 Alexandri
2148 4071 2271 4154 III,
2319 4070 2581 4155 delegat
2609 4070 2808 4135 Petro
2855 3969 3048 4133 gidici
3093 3978 3350 4134 caus)am

468 4175 634 4239 inter
680 4197 782 4260 ep.
833 4184 899 4241 et
944 4181 1398 4243 monasterium
1445 4201 1494 4242 s.
1526 4178 1847 4242 Dominici
1891 4197 2088 4260 super
2131 4175 2406 4240 ecclesia
2451 4196 2498 4237 s.
2533 4174 2773 4238 Luciae
2822 4171 2904 4237 de
2948 4172 3305 4256 Ceperano.

847 4307 895 4343 v.
935 4287 1088 4352 Sora,
1127 4289 1269 4344 Mon.
1309 4308 1349 4343 e.
1375 4287 1664 4344 Dominici.

466 4411 553 4470 23
2181 4410 2536 4474 Benevento
2580 4408 2977 4490 (1167—69)
3022 4407 3148 4471 dec.
3183 4410 3267 4469 12

466 4511 924 4578 Alexander
967 4514 1071 4578 III
1127 4515 1591 4600 F(aramundo)
1649 4538 1751 4601 ep.
1801 4523 1866 4581 et
1912 4513 2279 4580 consulibus
2324 4519 2390 4577 et
2433 4514 2731 4577 universo
2754 4511 2950 4590 ‚clero
2998 4516 3064 4575 et
3107 4509 3348 4595 populo

467 4613 821 4680 Verulano:
883 4621 1230 4704 praecipit,
1286 4626 1600 4706 quatenus
1643 4618 2042 4706 V(itellium)
2106 4641 2185 4682 ss.
2232 4617 2441 4701 Sergii
2497 4623 2564 4681 et
2606 4616 2812 4680 Bachi
2857 4614 3020 4679 diac.
3069 4614 3239 4679 card.
3288 4615 3352 4678 in

467 4719 889 4806 Campaniam
935 4724 1417 4806 remittendum,
1477 4732 1546 4788 ut
1589 4723 1832 4789 ibidem
1880 4722 2228 4788 secundum
2275 4719 2605 4784 arbitrium
2652 4740 2836 4783 suum
2899 4718 2984 4783 ad
3040 4718 3352 4784 honorem

468 4826 780 4890 ecclesiae
825 4825 1079 4892 ordinet
1123 4834 1189 4892 et
1219 4828 1534 4913 disponat,
1580 4828 1859 4914 benigne
1899 4828 2188 4910 recipere
2236 4831 2302 4889 et
2333 4825 2629 4908 congruis
2675 4822 2977 4888 studeant
3003 4820 3352 4886 honoribus

466 4931 844 5013 praevenire
910 4938 976 4995 et
1036 4933 1098 4996 ei
1162 4931 1580 4997 oboedientes
1646 4935 1711 4996 in
1778 4929 2072 4997 omnibus
2139 4929 2467 4994 exsistant.
2539 4967 2618 4974 -—
2673 4927 2860 4992 Licet
2911 4927 2976 4989 in
3038 4924 3350 4989 omnibus.

464 5032 616 5097 Dat.
662 5032 1015 5100 Benevent.
1063 5038 1101 5097 2
1135 5035 1219 5099 id.
1268 5035 1406 5100 dec.

669 5145 739 5199 A.
778 5174 845 5184 —-
884 5144 992 5200 Ed.
1028 5144 1302 5217 Ptluqch.
1340 5148 1482 5202 Acta
1517 5146 1590 5201 11
1617 5153 1714 5202 369
1745 5163 1801 5200 n.
1828 5151 1932 5200 420
1963 5159 2030 5198 ca:
2066 5145 2131 5197 A.
2170 5174 2236 5183 —
2276 5142 2442 5213 Bm.
2478 5140 2753 5213 Pauqffl.
2792 5139 2907 5194 Iter
2933 5156 2990 5209 p.
3016 5146 3120 5194 268
3151 5156 3207 5194 n.
3232 5146 3350 5194 594.

468 5231 573 5287 JL.
616 5239 789 5287 11470.
