4055 6069
1500 575 1873 647 Episcopatus
1909 577 2292 633 Tuscanensis.
3223 584 3340 646 197

457 750 879 816 adservantur
921 752 986 815 in
1034 750 1309 817 ecclesia
1353 774 1402 816 s.
1434 752 1787 833 Laurentii,
1834 752 1945 817 ubi
1990 752 2181 818 sedes
2228 758 2327 818 est
2371 754 2820 819 canonicorum
2868 777 2916 818 s.
2964 753 3232 836 Mariae,
3279 761 3346 819 et

457 855 784 920 archivum
830 857 1105 921 civitatis
1150 854 1259 940 (cf.
1308 854 1484 920 G6tt.
1530 855 1767 921 Nachr.
1824 861 1976 923 1901
2031 880 2093 942 p.
2128 860 2303 944 206).
3198 853 3202 857 ’

671 961 909 1025 Leonis
947 959 1045 1025 IV
1089 961 1495 1046 privilegium
1541 960 1863 1026 Turriozzi
1908 983 1968 1046 p.
2012 967 2128 1027 105
2176 984 2260 1028 ex
2305 962 2563 1028 archivo
2611 963 2886 1028 civ-itatis
2931 984 2999 1028 se
3047 963 3342 1047 vulgasse

456 1064 738 1129 affirmat
765 1063 1097 1152 (idemque
1144 1065 1224 1130 de
1271 1086 1340 1130 se
1370 1067 1510 1150 ipso
1543 1065 1635 1129 ait
1668 1065 2059 1151 Campanari
2090 1066 2158 1130 H
2187 1070 2291 1150 92,
2339 1069 2448 1152 qui
2479 1073 2696 1132 tamen
2727 1070 2962 1153 repetit
2993 1066 3340 1132 editionem

457 1168 952 1254 Turriotianam‚
1000 1190 1165 1254 quae
1213 1168 1472 1255 quidem
1521 1190 1603 1234 ex
1634 1168 1873 1235 Baluze
1921 1170 2229 1258 emanat).
2318 1170 2545 1256 Itaque
2580 1172 2915 1257 exemplar
2957 1169 3078 1235 hoc
3110 1169 3343 1234 frustra

458 1275 906 1359 quaesivimus,
996 1273 1195 1338 Aliud
1241 1272 1578 1358 exemplar
1621 1274 1980 1337 invenimus
2024 1274 2319 1339 Viterbii.

666 1446 721 1500 Β
768 1469 833 1492 =
872 1446 1006 1516 Cop.
1049 1444 1279 1501 Viterbo
1316 1445 1480 1501 Arch.
1519 1446 1847 1517 capitolare.

668 1533 715 1588 G
764 1556 829 1579 =
867 1532 946 1587 St.
986 1531 1190 1604 Borgia
1226 1531 1416 1597 Certe,
1455 1551 1499 1587 s.
1524 1531 1739 1598 XVIII,
1777 1532 1951 1589 Roma
1986 1532 2133 1589 Bibl.
2161 1533 2292 1589 Vat.
2328 1534 2520 1590 Museo
2559 1531 2788 1603 Borgia;
2834 1532 2901 1586 cf.
2939 1530 3093 1587 Gott.
3129 1530 3339 1587 Nachr.

868 1618 1001 1676 1903
1037 1637 1091 1689 p.
1116 1619 1184 1674 69
1202 1635 1282 1688 sq.

458 1727 495 1786 1
2615 1725 2976 1807 (847—55)
3018 1722 3137 1803 feb.
3168 1725 3257 1787 22

455 1828 608 1892 Leo
653 1827 751 1892 IV
795 1825 1125 1893 Virobono
1168 1848 1269 1912 ep.
1303 1834 1459 1893 etc.:
1507 1828 1842 1893 confirmat
1880 1830 2320 1914 episcopatum
2353 1828 2824 1894 Tuscanensem
2873 1850 3016 1893 cum
3050 1826 3342 1893 omnibus

456 1932 585 1995 suis
623 1931 1043 2016 pertinentiis.
1089 1967 1176 1977 —-
1219 1931 1535 1997 Convenit
1564 1933 1919 2017 apostolico
1965 1932 2410 1997 moderamini.
2479 1933 2611 1998 Scr.
2658 1955 2720 2017 p.
2753 1954 2837 1997 m.
2910 1931 3163 1998 Nicolai
3208 1938 3340 2015 not.

456 2041 650 2120 atque
697 2056 832 2120 reg.
882 2042 948 2100 et
993 2036 1180 2100 scrin.
1226 2035 1290 2100 S.
1320 2036 1401 2101 R.
1435 2036 1532 2119 E„
1577 2058 1662 2100 m.
1710 2036 1862 2121 feb.,
1907 2036 2038 2102 ind.
2072 2042 2129 2101 5.
2205 2037 2354 2102 Dat.
2403 2040 2441 2102 8
2471 2037 2603 2102 kal.
2634 2045 2821 2102 mart.
2865 2059 2928 2123 p.
2960 2059 3045 2102 m.
3102 2037 3340 2101 Leonis

454 2141 801 2224 primicerii
847 2161 1135 2205 summae
1181 2147 1386 2225 apost.
1434 2140 1631 2224 sedis,
1693 2162 1752 2206 a.
1798 2141 1942 2206 Deo
1989 2161 2172 2225 prop.
2219 2149 2393 2226 pont.
2441 2141 2506 2206 d.
2551 2164 2611 2210 n.
2656 2141 2894 2207 Leonis
2938 2164 3045 2227 pp.
3092 2140 3232 2205 1111
3275 2142 3340 2205 in

454 2265 612 2307 sacr.
660 2243 815 2309 sede
863 2243 923 2309 b.
957 2245 1137 2311 Petri
1182 2251 1388 2330 apost.
1434 2250 1494 2327 6,
1540 2266 1760 2311 mense
1807 2251 1873 2309 et
1917 2244 2046 2310 ind.
2094 2268 2175 2309 ss.
2210 2250 2269 2309 5.

662 2356 854 2410 Insere.
892 2354 1202 2410 Innocevuii
1223 2357 1331 2411 111
1358 2358 1530 2411 bullae
1563 2374 1615 2412 a.
1643 2344 1776 2412 '1207
1806 2362 1904 2411 οα.
1930 2365 1997 2411 29
2035 2356 2281 2411 Potthast
2319 2357 2447 2426 Ray.
2482 2364 2618 2413 3206
2654 2358 2802 2428 (13⁶9.
2841 2357 2959 2412 ναι.
2985 2364 3022 2412 t.
3054 2357 3142 2411 7A
3163 2358 3208 2423 s.
3234 2360 3342 2425 29).

458 2442 513 2496 Β
541 2460 582 2496 s.
621 2442 781 2497 XVI
806 2442 1028 2512 Fraym.
1072 2441 1128 2498 G.
1185 2474 1241 2483 ——
1303 2444 1447 2499 Edd.
1484 2444 1687 2499 Baluze
1721 2445 1867 2513 Epp.
1905 2443 2212 2499 Innocentii
2245 2444 2353 2498 ῙΠ
2377 2451 2414 2498 t.
2442 2445 2515 2500 ΙΙ
2540 2451 2614 2500 80
2645 2462 2703 2500 n.
2733 2451 2825 2500 142
2862 2467 2927 2490 =
2964 2443 3220 2497 Mariani
3255 2441 3344 2495 De

456 2527 695 2582 Etruria
728 2530 1009 2599 metropoli
1040 2547 1095 2600 p.
1121 2539 1229 2598 225,
1271 2555 1334 2577 =
1378 2531 1652 2586 Tranioni
1677 2548 1738 2602 p.
1768 2539 1860 2588 105
1893 2549 1947 2585 n.
1976 2541 2003 2585 1
2043 2555 2106 2577 =
2149 2532 2483 2601 Campanam·
2518 2532 2593 2586 H
2618 2539 2682 2588 92
2715 2548 2770 2586 n.
2799 2541 2883 2598 11,
2923 2553 2988 2577 =
3031 2529 3344 2598 Coppelletts·

468 2615 553 2669 VI
578 2622 672 2683 80,
722 2639 786 2662 =
824 2616 1011 2686 Miyne
1049 2616 1256 2671 CCXV
1304 2623 1433 2673 1236
1475 2634 1537 2673 n.
1570 2625 1680 2672 142.
1769 2616 1943 2688 Eqidi
1977 2634 2041 2686 p.
2068 2624 2133 2673 35
2165 2635 2218 2671 n.
2261 2626 2291 2672 7
2328 2633 2393 2671 w
2426 2618 2493 2672 Β.
2546 2646 2613 2657 —·
2668 2617 2830 2686 Reyq.
2876 2616 3131 2672 Mariani
3180 2616 3342 2669 Breve

455 2703 657 2757 notizia
694 2719 751 2771 p.
793 2710 874 2758 49.
926 2711 1008 2759 53.
1094 2704 1384 2759 Assemam'
1432 2704 1522 2759 De
1568 2703 1769 2759 sanctis
1802 2703 2118 2759 Ferentinis
2152 2720 2208 2772 p.
2247 2712 2328 2759 90.
2414 2703 2638 2759 Gallam
2680 2703 2791 2759 Del
2830 2702 3127 2758 vestarario
3161 2719 3221 2770 p.
3253 2708 3339 2757 35.

459 2788 677 2844 Galletti
709 2790 818 2844 Del
840 2790 1125 2858 primicero
1150 2808 1208 2859 p.
1234 2798 1309 2846 66.
1373 2791 1591 2846 Marini
1626 2791 1761 2859 Pap.
1799 2790 1929 2860 dipl.
1958 2807 2017 2860 p.
2045 2798 2151 2846 221.
2221 2790 2332 2846 JE.
2370 2798 2511 2846 2655.

453 2929 537 2994 *2
2738 2932 2910 2995 1042
2951 2934 3135 2994 mart.
3165 2929 3252 2991 30

454 3033 928 3101 Benedictus
958 3034 1058 3100 IX
1101 3034 1411 3101 Bonizoni
1457 3036 1811 3101 Tuscanen.
1854 3058 1990 3121 ep.:
2039 3034 2280 3101 dirimit
2321 3033 2500 3100 litem
2547 3034 2940 3100 decimarum
2985 3040 3337 3099 castrorum

456 3138 727 3205 duorum
782 3141 949 3205 inter
1005 3161 1152 3206 eum
1214 3147 1282 3204 et
1335 3138 1734 3205 Godizonem
1800 3161 1902 3224 ep.
1956 3140 2384 3206 Castrensem.
2454 3177 2536 3187 -
2606 3139 2760 3204 Tuis
2804 3136 3336 3225 postulationibus

455 3245 728 3331 fatigati.
816 3244 966 3310 Dat.
1017 3250 1053 3311 3
1086 3246 1217 3310 kal.
1273 3246 1458 3330 april.
1515 3267 1579 3330 p.
1625 3266 1710 3309 m.
1772 3245 1951 3310 Petri
2010 3243 2175 3309 diac.
2232 3243 2405 3309 card.
2462 3251 2529 3309 et
2572 3264 2747 3309 canc.
2794 3265 2843 3306 s.
2891 3240 3062 3306 sedis
3106 3246 3336 3326 apost,

455 3370 511 3413 a.
554 3351 626 3412 10
674 3348 736 3413 d.
781 3348 1120 3414 Benedicti
1164 3372 1271 3435 pp.

661 3459 843 3514 Laud.
886 3460 951 3514 in
991 3459 1324 3530 Ηίρίοιηαηάί
1373 3459 1505 3514 Titii
1541 3459 1913 3513 Historiarum
1947 3459 2263 3514 Seven-sium
2295 3460 2383 3513 lib.
2409 3459 2452 3513 I
2476 3458 2680 3526 (Roma
2716 3457 2852 3513 Bam.
2891 3455 3046 3525 Ghiqi
3088 3455 3139 3510 G
3176 3455 3209 3508 1
3243 3463 3307 3510 31
3315 3469 3337 3519 ,·

453 3548 616 3602 Siena
644 3548 783 3602 Bau,
819 3548 1098 3601 commate
1122 3546 1177 3602 Β
1202 3547 1511 3616 1116-16)
1548 3563 1615 3601 cx
1651 3547 1826 3614 bullis,
1861 3547 2046 3601 litteris
2077 3545 2561 3616 Langobardorum
2593 3550 2640 3599 et
2674 3545 2737 3598 in
2765 3559 2979 3614 papyro
3011 3541 3335 3610 conscriptis,

452 3651 589 3702 quae
623 3634 685 3687 in
720 3651 761 3688 s.
786 3634 1079 3689 Soanensis
1112 3635 1235 3688 cccl.
1269 3633 1496 3687 archim's
1531 3632 1781 3688 conditae
1813 3638 2099 3687 servantur
2133 3656 2198 3678 =
2236 3631 2517 3687 Muraton'
2557 3631 2741 3700 Antiq.
2782 3631 2881 3684 111
2911 3635 3028 3685 833.
3077 3658 3139 3667 -
3179 3627 3332 3696 Reyy.

453 3720 712 3774 Bresslau
758 3719 820 3771 in
865 3719 1046 3773 Mimo.
1091 3717 1184 3773 des
1225 3723 1402 3772 osten.
1442 3719 1697 3772 Instituta
1734 3718 1833 3772 IX
1863 3720 2047 3787 (1888)
2083 3725 2167 3773 29.
2227 3717 2342 3773 JL.
2379 3726 2556 3772 4111a.

449 3858 532 3922 *3
2349 3857 2669 3923 Laterano
2712 3855 3246 3940 (1099—1116?)

450 3963 859 4029 Paschalis
905 3963 974 4027 H
1030 3983 1288 4028 causam
1347 3964 1513 4028 inter
1558 3962 1929 4028 Albericum
1976 3985 2078 4048 ep.
2127 3962 2453 4028 Sutrinum
2515 3966 2580 4028 et
2633 3961 2996 4027 Gnidonem
3051 3983 3152 4045 ep.
3199 3959 3330 4024 Tu-

450 4087 708 4132 scanen.
754 4087 947 4152 super
999 4067 1273 4132 ecclesia
1318 4067 1858 4133 centumcellensi
1901 4068 2085 4152 ponit
2126 4068 2192 4131 in
2233 4087 2460 4131 manus
2505 4067 2953 4151 episcoporum
3016 4073 3082 4131 et
3124 4063 3331 4131 cardi-

448 4171 723 4253 nalium,
783 4172 892 4256 qui
943 4170 1260 4254 iudicant,
1318 4177 1556 4236 terram
1612 4170 2238 4236 Centumcellensem
2304 4169 2559 4234 Sutrino
2627 4170 3025 4254 episcopatui
3093 4168 3332 4235 debere

447 4275 715 4340 restitui.

654 4384 839 4440 Laud.
875 4384 939 4439 in
972 4403 1028 4440 n.
1052 4394 1097 4441 ε.
1135 4415 1202 4425 -
1239 4385 1363 4454 Roy-
1400 4384 1506 4439 Jr..
1545 4415 1628 4439 -.

448 4483 525 4546 *1
1346 4489 1351 4496 ·
2708 4484 3243 4565 (1099-111613)

364 4575 381 4578 ’
447 4586 853 4654 Paschalis
897 4583 966 4651 ΙΙ
1011 4587 1345 4673 praecipit,
1390 4593 1461 4651 ut
1506 4607 1699 4652 causa
1744 4586 1974 4652 eadem
2018 4593 2420 4652 retractetur.

659 4699 832 4755 Laud.
870 4699 932 4753 in
967 4716 1021 4754 n.
1046 4707 1092 4754 5.
1130 4730 1191 4737 —
1236 4698 1365 4769 Ray.
1400 4697 1510 4752 JL.
1549 4727 1630 4751 —.

449 4798 488 4858 5
2843 4794 3240 4875 (cr.1116?)

450 4899 684 4965 Clerici
728 4905 795 4963 et
837 4899 983 4964 laici
1016 4898 1588 4964 Centumcellensis
1615 4898 1927 4964 ecclesiae
1974 4897 2057 4962 de
2090 4898 2321 4964 eadem
2353 4919 2548 4964 causa
2579 4918 2795 4963 coram
2839 4897 3216 4962 Paschale
3257 4896 3327 4961 II

446 5011 592 5069 acta
636 5002 830 5068 breve
861 5003 1385 5068 memoratorium
1416 5002 1674 5067 faciunt.
1708 5041 1792 5049 —
1823 5002 2050 5068 Testes
2079 5001 2402 5067 Iohannes
2433 5024 2533 5088 ep.
2567 5002 2927 5085 Tusculan.,
2975 4999 3329 5086 Gregorius

448 5108 620 5175 card.
643 5108 1125 5193 Apostolorum,
1156 5107 1546 5173 Benedictus
1577 5106 1746 5171 card.
1777 5105 2135 5189 Eudoxias,
2167 5105 2581 5171 Theobaldus
2611 5106 2772 5171 diac.
2805 5105 2976 5171 card.
3010 5127 3091 5169 ss.
3117 5103 3326 5190 Sergii

445 5220 512 5278 et
553 5211 779 5295 Bachi,
827 5210 1176 5297 Gregorius
1222 5211 1383 5278 diac.
1432 5210 1601 5275 card.
1649 5232 1697 5272 s.
1729 5211 1990 5293 Luciae,
2039 5209 2329 5274 Cinthius
2373 5209 2572 5275 abbas
2617 5232 2665 5272 s.
2698 5209 2945 5274 Mariae
2987 5209 3053 5271 in
3099 5207 3322 5271 Mona-

445 5318 664 5401 sterio,
708 5314 942 5380 Petrus
986 5315 1352 5398 praefectus
1393 5316 1745 5396 Romanus,
1792 5314 2050 5399 aliique.
