4055 6069
692 435 812 497 1'50
2011 427 2253 485 Latium.

685 604 723 645 t
3119 601 3459 667 1159—73

684 607 1047 776 Allexand
1065 730 1146 774 er
1190 708 1295 773 ΠΙ
1340 709 1635 775 concedit
1677 709 1988 775 Aletrinis
2034 709 2422 775 territorium
2470 707 2826 793 quoddam,
2882 708 3018 773 eius
3072 605 3379 773 tirminos
3422 604 3573 772 cgn-

688 815 977 880 stituens.

887 925 1063 980 Laud.
1100 926 1163 979 in
1195 943 1252 979 n.
1277 932 1325 981 3.
1364 956 1425 966 —
1467 924 1592 995 Rea.
1618 925 1730 982 Π.
1757 955 1840 980 -.

680 1049 767 1114 *2
2989 1048 3193 1128 (1173
3235 1067 3379 1131 auq.
3414 1049 3482 1131 7)

677 1152 1137 1219 Alexander
1182 1152 1287 1216 111
1332 1152 1573 1218 decidit
1609 1172 1728 1236 per
1757 1150 2122 1216 iudicialem
2155 1151 2538 1216 sententiam
2572 1152 3016 1236 quaestionem
3045 1152 3213 1217 inter
3241 1151 3569 1216 Alatrinos

682 1262 749 1323 et
792 1255 1253 1322 Frusionenses
1299 1256 1379 1320 de
1420 1255 1668 1340 Campo
1713 1255 1873 1338 flori,
1921 1254 2032 1318 diu
2077 1256 2141 1317 in
2186 1255 2554 1339 praesentia
2599 1275 2713 1319 sua
2756 1254 3153 1339 ventilatam,
3201 1261 3267 1319 et
3311 1255 3571 1322 roborat

682 1358 746 1424 S.
780 1359 858 1424 R.
891 1360 965 1425 Ε.
1015 1360 1353 1445 privilegio
1410 1381 1652 1445 suaque
1716 1366 1782 1425 et
1842 1361 2290 1444 episcoporum
2351 1380 2426 1423 ac
2486 1358 2905 1423 cardinalium
2961 1362 3362 1426 auctoritate.
3461 1361 3566 1427 Ad

680 1486 874 1549 quam
919 1466 1302 1530 sententiam
1363 1463 1555 1550 pleno
1617 1463 1874 1529 effectui
1931 1462 2426 1548 mancipandam
2491 1462 2754 1549 delegat
2818 1463 2977 1529 duos
3037 1464 3341 1549 curiales,
3396 1486 3564 1551 mag.

676 1568 1036 1656 Rogerium
1082 1568 1146 1634 S.
1177 1568 1257 1634 R.
1290 1568 1365 1633 E.
1414 1568 1697 1634 subdiac.
1747 1573 1814 1633 et
1857 1568 2259 1634 Viscardum.

882 1679 1063 1735 Laud.
1109 1680 1173 1734 in
1221 1680 1422 1734 notitia
1463 1696 1515 1733 a.
1550 1686 1673 1735 1173
1712 1696 1832 1749 aua.
1863 1687 1893 1733 7
1923 1678 2096 1749 (Or-179.
2134 1684 2180 1734 et
2213 1694 2326 1747 cop.
2364 1695 2406 1734 ε.
2437 1678 2633 1747 XIII).
2689 1709 2753 1718 -
2809 1680 2974 1751 Rem.
3011 1679 3098 1734 De
3136 1679 3339 1737 Per-siis
3365 1697 3424 1749 p.
3451 1687 3564 1736 213.

676 1766 783 1821 JL.
823 1771 1053 1821 1223321.

672 1889 753 1954 *3
3071 1889 3477 1968 (1173—74)

671 1992 1136 2059 Alexander
1189 1991 1325 2075 III,
1381 1992 1793 2057 devotionem
1838 1997 1905 2055 et
1957 1989 2385 2056 humilitatem
2432 1989 2867 2055 Aletrinorum
2927 1996 2993 2055 et
3045 1990 3565 2057 Frusionensium

671 2096 1042 2182 superbiam
1099 2095 1544 2179 considerans,
1606 2094 1932 2160 adiudicat
1997 2100 2065 2160 et
2131 2093 2421 2159 attribuit
2475 2095 2540 2159 in
2597 2101 2979 2179 perpetuum
3045 2095 3202 2179 ipsis
3255 2094 3565 2179 Aleti-inis

677 2199 1122 2285 possessiones
1168 2197 1481 2285 quasdam
1525 2199 1707 2283 prius
1751 2197 2287 2264 Frusionensibus
2332 2218 2686 2264 concessas.

885 2309 1067 2365 Βανά.
1093 2309 1157 2364 in
1178 2310 1527 2365 monento
1552 2309 1870 2364 Massareui
1894 2308 2092 2364 iudicis
2115 2308 2169 2364 S.
2199 2308 2272 2365 R.
2299 2308 2372 2363 E.
2407 2309 2473 2365 do
2495 2308 2751 2364 mandato
2764 2327 2946 2380 papae
2967 2311 3115 2376 facto
3130 2325 3232 2378 per
3255 2309 3565 2365 Iordanum

673 2397 955 2455 Romanae
1000 2395 1187 2451 curiae
1229 2397 1490 2452 nuntium
1533 2400 1582 2451 et
1629 2395 1935 2451 servientem
1984 2414 2036 2449 α.
2073 2403 2196 2450 1174
2247 2395 2349 2461 feb.
2382 2402 2415 2450 6
2464 2394 2562 2463 (od.
2607 2394 2879 2467 Pfluka.
2932 2395 3044 2449 Iter
3068 2401 3254 2464 1249&
3303 2412 3358 2451 κ.
3395 2402 3462 2451 83
3498 2412 3565 2451 ω)

669 2486 844 2558 σήμ).
882 2515 947 2526 -
985 2483 1116 2555 Req.
1151 2485 1264 2540 π.
1302 2516 1388 2539 -.

666 2647 709 2706 4
2662 2640 2986 2705 Laterano
3032 2641 3204 2705 1192
3244 2645 3359 2706 oct.
3394 2646 3476 2705 11

667 2746 1120 2814 Celestinus
1165 2746 1269 2810 III
1322 2745 1685 2811 consulibus
1745 2753 1812 2811 et
1868 2744 2111 2829 populo
2177 2744 2451 2808 civitatis
2505 2750 2571 2808 et
2624 2745 2741 2808 toti
2794 2743 3034 2829 populo
3089 2745 3367 2809 Aletrini
3421 2747 3558 2830 epi-

674 2858 1002 2937 scopatus:
1064 2850 1361 2934 mandat,
1414 2856 1728 2936 quatenus
1773 2847 2170 2934 T(addeum)
2228 2847 2534 2929 subdiac.,
2592 2869 2797 2933 nuper
2853 2868 2892 2912 a
2938 2849 3218 2933 capitulo
3263 2850 3558 2916 Aletrino

664 2956 730 3020 in
776 2956 1149 3041 episcopum
1183 2956 1479 3041 electum,
1527 2956 1699 3019 omni
1730 2952 2092 3018 humilitate
2140 2958 2206 3018 et
2238 2951 2578 3017 devotione
2627 2951 2847 3018 debita
2878 2954 3167 3037 recipere
3196 2961 3555 3039 procurent.

1046 3085 1094 3122 v.
1132 3065 1334 3134 Alatri,
1372 3066 1553 3138 Episc.
1590 3086 1642 3121 n.
1670 3066 1717 3120 7.

1937 3289 2278 3359 Fumone.

1833 3411 2057 3480 (Fumo.
2118 3412 2383 3482 Fummo)

880 3554 1235 3640 Antiquum
1282 3552 1589 3618 Fumonis
1636 3559 1934 3637 castruQ
1978 3555 2046 3617 in
2092 3574 2339 3618 summo
2385 3561 2602 3619 monte
2649 3556 2861 3633 situm,
2907 3556 3083 3620 velut
3128 3576 3244 3620 arx
3290 3555 3370 3620 ab
3416 3558 3557 3641 ipsa

663 3664 891 3723 natura
936 3658 1129 3741 facta,
1176 3658 1468 3722 imminet
1498 3653 1913 3742 Campaniae,
1960 3656 2131 3722 unde
2163 3657 2389 3743 vulgus
2435 3657 2613 3722 dicit:
2666 3658 2980 3742 „Quando
3011 3659 3282 3724 Fummo
3329 3660 3552 3742 fumat,

666 3769 802 3828 tota
847 3762 1202 3848 Campania
1247 3760 1528 3827 tremit“.
1619 3761 1695 3824 In
1742 3760 1976 3826 Chron.
2022 3761 2264 3826 Fossae
2312 3783 2518 3828 novae
2564 3761 2695 3845 (ed.
2729 3762 3039 3828 Muratori
3075 3762 3207 3828 Ser.
3241 3763 3373 3827 VH
3408 3768 3550 3829 870.

672 3870 815 3933 871.
874 3868 1028 3952 876)
1095 3867 1228 3930 sive
1282 3865 1450 3930 Ann.
1507 3864 1778 3930 Oeccan.
1841 3862 1971 3948 (ed.
2041 3865 2213 3930 Mon.
2277 3864 2497 3930 Germ.
2558 3866 2690 3931 Ser.
2749 3866 2914 3931 XIX
2979 3870 3126 3932 283.
3191 3870 3337 3932 284.
3397 3868 3552 3953 288)

661 3970 902 4055 pluries
946 3975 1357 4035 memoratur.
1446 3968 1524 4033 In
1570 3989 1717 4033 arce
1762 3968 2070 4033 Fumonis
2114 3989 2170 4032 a.
2213 3973 2374 4033 1125
2419 3969 2740 4034 Burdinus
2786 3972 3091 4055 antipapa
3133 3972 3409 4035 intrusus
3455 3977 3553 4036 est

663 4072 859 4160 (Anu.
907 4073 1119 4140 Oasin.
1168 4081 1236 4139 et
1278 4073 1459 4138 Petri
1505 4072 1740 4138 Chron.
1788 4072 2000 4137 Oasin.
2051 4072 2152 4137 ed.
2197 4071 2371 4137 Mon.
2419 4071 2638 4138 Germ.
2673 4072 2805 4138 Ser.
2837 4074 3000 4138 XIX
3047 4074 3365 4150 308;V11
3397 4078 3549 4150 805;

662 4179 741 4243 cf.
789 4177 933 4242 Lib.
980 4177 1205 4262 pontif.
1255 4176 1355 4241 ed.
1403 4175 1745 4240 Duchesne
1791 4176 1861 4238 11
1910 4177 2083 4261 377),
2131 4175 2347 4261 ibique
2394 4198 2451 4241 a.
2499 4180 2660 4242 1295
2707 4177 3069 4243 celestinus
3108 4179 3169 4241 V
3229 4181 3294 4242 in
3339 4186 3549 4244 custo-

664 4282 773 4347 dia
803 4280 1159 4347 tenebatur.
1228 4279 1563 4346 Habemus
1592 4282 1854 4365 insuper
1883 4282 2309 4345 iuramentum
2341 4280 2668 4346 fidelitatis
2713 4282 3042 4348 hominum
3078 4291 3145 4349 et
3175 4284 3548 4348 clericorum

663 4385 744 4451 de
789 4385 1080 4450 Fumone
1125 4386 1506 4469 praestitum
1552 4382 1868 4469 Gregorio
1913 4383 2047 4468 IX,
2105 4386 2276 4471 quod
2339 4391 2550 4450 exstat
2609 4387 2671 4449 in
2719 4386 2940 4452 Oencii
2991 4385 3186 4450 Libro
3244 4407 3546 4452 censuum

663 4489 726 4553 S.
758 4487 838 4553 R.
870 4487 946 4552 E.
995 4508 1049 4551 c.
1091 4489 1209 4551 201
1285 4486 1417 4572 (ed.
1478 4487 2090 4553 Fabre-Duchesne
2137 4489 2170 4551 I
2218 4488 2390 4575 452).
2505 4490 2654 4554 Alia
2700 4490 3084 4555 documenta
3139 4488 3223 4554 ad
3269 4497 3548 4555 castrum

658 4590 966 4656 Fumonis
1013 4592 1369 4682 spectantia
1412 4592 1819 4657 inveniuntur
1871 4594 1935 4655 in
1993 4592 2222 4658 eodem
2269 4592 2433 4657 libro
2480 4614 2533 4657 c.
2569 4594 2969 4658 217—219b.
3017 4596 3164 4659 296.
3213 4598 3357 4662 308.
3446 4593 3547 4659 De

660 4695 804 4761 loco
850 4694 931 4760 cf.
979 4695 1277 4760 Marocco
1324 4695 1721 4761 Monumenti
1752 4696 1815 4761 V
1860 4701 1936 4760 51
1967 4717 2061 4782 sq.

661 4888 701 4947 1
3059 4887 3272 4951 1160?
3346 4888 3458 4953 iul.

660 4986 1138 5075 [Alexander
1181 4986 1349 5075 1112]
1397 4989 1692 5055 concedit
1736 4992 1797 5054 in
1831 4990 2187 5054 custodiam
2219 4989 2534 5076 Gregorio
2582 5012 2725 5056 cum
2756 4991 2902 5055 filiis
2933 4890 3061 5057 suig
3093 4999 3158 5058 et
3187 4891 3545 5059 Bgrtranno

659 5092 795 5158 eius
840 5092 1020 5157 fratri
1051 5098 1329 5157 castrum
1360 5092 1686 5176 Fumonis,
1733 5095 2033 5158 continua
2084 5099 2157 5159 10
2189 5093 2739 5160 hebdomadarum
2787 5096 3119 5161 obsidione
3166 5099 3230 5160 in
3275 5098 3346 5160 1⁰
3377 5119 3543 5163 anno

657 5196 1093 5281 pontificatus,
1150 5218 1233 5260 m.
1290 5197 1473 5282 iulio,
1529 5207 2010 5284 recuperatum,
2072 5200 2235 5265 sicut
2288 5199 2459 5265 idem
2516 5198 2884 5287 Gregorius
2925 5209 2992 5266 et
3044 5207 3230 5287 pater
3287 5204 3424 5268 eius
3479 5211 3547 5269 et
