4055 6069
758 435 782 496 1
801 436 821 494 1
840 437 877 496 4
2077 430 2319 487 Latium.

965 605 1067 670 De
1115 606 1389 670 archivis
1435 605 1824 670 Terracinae
1856 606 1936 670 cf.
1969 606 2200 671 Blume
2245 608 2380 671 Iter
2410 608 2506 671 IV
2540 612 2691 685 257;
2738 609 3104 675 Bethmann
3135 611 3197 673 in
3230 611 3472 675 Archiv
3500 611 3634 675 XII

750 712 877 775 482
925 716 994 774 et
1037 731 1095 774 v.
1130 710 1732 796 Pflugk-Harttung
1776 710 1911 775 Iter
1954 732 2017 794 p.
2059 716 2199 790 154,
2249 733 2517 797 quorum
2561 715 2821 778 notitias
2867 722 2980 779 aut
3014 713 3208 779 falsas
3252 721 3367 779 aut
3409 714 3634 779 dubias

748 813 878 878 iam
924 813 1150 899 Giorgi
1194 813 1584 897 repudiavit3
1632 812 1857 898 Giorgi
1903 814 1944 877 l.
1979 835 2033 881 c.
2080 835 2141 897 p.
2177 817 2259 879 58
2291 837 2414 901 sq.;
2463 815 2638 881 Gott.
2686 816 2922 881 Nachr.
2978 820 3129 882 1901
3185 841 3247 901 p.
3288 820 3406 883 198
3431 841 3525 902 sq.

953 969 1009 1023 A
1060 992 1125 1015 =
1163 967 1316 1039 Orig.
1355 967 1657 1024 Terracina
1694 967 1859 1022 Arch.
1897 967 2225 1038 capitolare.

957 1057 1010 1108 B
1060 1078 1124 1101 =
1163 1054 1299 1126 Cop.
1335 1055 1410 1110 ib.

962 1141 1006 1195 Ο
1061 1166 1125 1188 =
1163 1140 1485 1197 Inventario
1510 1142 1639 1196 dell'
1666 1139 1918 1196 archivio
1944 1141 2098 1197 della
2122 1141 2267 1197 citta
2290 1141 2348 1197 di
2373 1140 2676 1198 Terracina
2700 1143 2801 1198 che
2828 1141 2874 1196 si
2901 1160 3165 1197 conserva
3189 1143 3343 1199 nella
3367 1143 3633 1198 sacrestia

1160 1229 1218 1283 di
1255 1228 1306 1285 S.
1334 1228 1558 1285 Cesario
1602 1246 1653 1285 a.
1689 1230 1838 1284 1781.
1909 1228 2087 1285 Roma
2129 1230 2295 1284 Arch.
2321 1229 2452 1285 Vat.
2502 1229 2714 1294 (Indice
2750 1247 2803 1283 n.
2829 1230 2971 1298 224).
3706 1296 3714 1301 ι

953 1315 1012 1369 D
1057 1339 1123 1363 =
1159 1316 1225 1371 D.
1260 1316 1326 1370 A.
1352 1314 1642 1371 Contatori
1695 1316 1773 1370 De
1825 1313 2065 1370 historia
2110 1315 2497 1371 Terracinensi
2548 1314 2682 1370 libri
2716 1316 2748 1368 5
2801 1314 3030 1381 (Romae
3080 1317 3252 1385 1706).
3333 1315 3632 1387 Exemplar

1157 1401 1322 1457 huius
1369 1403 1553 1473 operis
1609 1401 1668 1456 in
1725 1401 1957 1457 archivo
1993 1401 2273 1458 Vaticano
2320 1402 2672 1467 adservatur,
2724 1401 2815 1456 cui
2860 1419 2896 1455 a
2938 1402 3180 1471 quodam
3236 1402 3357 1458 viro
3414 1403 3631 1458 erudito

1159 1506 1302 1545 saec.
1331 1488 1520 1543 XVIII
1539 1506 1622 1544 ex.
1658 1505 1822 1544 verae
1857 1488 2129 1544 lectiones
2165 1493 2267 1545 aut
2302 1487 2671 1544 correctiones
2707 1505 2774 1543 ex
2810 1486 2950 1558 ipsis
2986 1488 3337 1545 documentis
3370 1492 3628 1560 sumptae

1158 1576 1218 1631 in
1252 1576 1503 1647 margine
1540 1575 1767 1631 additae
1804 1578 1936 1630 sunt
1971 1575 2183 1642 (Indice
2207 1594 2260 1631 n.
2285 1575 2427 1644 225).

753 1685 792 1744 1
3181 1682 3543 1761 (494—95)

746 1785 1114 1850 Gelasius
1159 1785 1192 1849 1
1247 1786 1559 1869 Martyrio
1615 1782 1718 1872 [al.
1767 1781 2074 1872 Martino]
2131 1790 2198 1849 et
2249 1783 2426 1848 Iusto
2483 1806 2659 1870 epp.:
2712 1785 3060 1870 praecipit,
3111 1791 3184 1849 ιιι
3241 1786 3630 1852 Amandiani

746 1890 1008 1955 illustris
1051 1890 1172 1953 viri
1217 1910 1466 1973 servos,
1524 1889 1791 1953 clericos
1836 1890 2034 1953 invito
2082 1888 2340 1952 domino
2388 1888 2625 1970 factos,
2693 1889 2796 1952 isti
2842 1889 3208 1972 restituant,
3275 1891 3366 1954 ita
3411 1899 3509 1975 ut,
3576 1894 3627 1955 si

746 1996 887 2079 quis
943 1995 1073 2059 iam
1131 1992 1470 2079 presbyter
1525 1994 1903 2079 reperiatur,
1959 1994 2022 2057 in
2079 1992 2310 2058 eodem
2364 1990 2569 2078 gradu
2630 1993 2866 2076 peculii
2910 1993 3050 2058 sola
3093 1995 3434 2061 amissione
3479 2018 3627 2081 per-

744 2107 1034 2183 maneat,
1100 2098 1407 2162 diaconus
1451 2119 1604 2163 vero
1666 2104 1777 2162 aut
1819 2099 2127 2163 vicarium
2172 2103 2461 2181 praestet
2505 2103 2616 2173 aut
2668 2096 2992 2162 reddatur.
3061 2137 3143 2146 --
3212 2098 3297 2162 Et
3350 2101 3628 2185 antiquis

743 2203 1002 2289 regulis.

953 2314 1078 2370 0011.
1117 2314 1284 2368 Britt.
1332 2313 1538 2369 Gelasis'
1573 2314 1607 2368 1
1639 2322 1825 2382 ep.15.
1883 2312 2102 2382 [Ivom's
2137 2312 2293 2367 Decr.
2331 2312 2418 2366 VI
2447 2328 2490 2366 c.
2527 2319 2649 2367 353.
2713 2311 2979 2367 Gratiani
3016 2313 3177 2367 Decr.
3218 2312 3256 2365 I
3281 2312 3354 2368 D.
3381 2321 3443 2368 54
3481 2330 3524 2368 c.
3551 2316 3627 2384 9J.

741 2435 809 2445 —
845 2400 986 2456 Edd.
1026 2401 1220 2455 Mami
1253 2400 1412 2454 VIII
1441 2405 1535 2455 128
1573 2422 1636 2445 -·-=
1675 2400 1865 2470 Miqm
1899 2398 2055 2453 LIX
2088 2408 2211 2466 144,
2259 2422 2322 2444 =
2369 2398 2512 2452 Ball.
2566 2398 2719 2453 Rom.
2755 2399 2831 2454 cd.
2874 2400 3039 2454 Taur.
3076 2401 3217 2468 App.
3259 2400 3300 2452 I
3325 2406 3429 2455 320
3461 2416 3517 2455 n.
3545 2408 3626 2455 32.

748 2488 1089 2556 mmm.
1136 2487 1405 2543 1336„
1448 2493 1533 2541 20.
1618 2484 2152 2554 Mer-91:²09.
2209 2485 3626 2555 —R099.EwaldmNAr-cth514n..15

741 2577 803 2633 J
842 2582 960 2630 428
1031 2574 1426 2729 JKMfflyrius
1473 2660 1830 2717 Terracinen.
1882 2678 1970 2731 ep.
2006 2658 2340 2731 subscripsit
2375 2662 2506 2715 acta
2543 2658 2901 2713 conciliorum
2939 2677 2990 2715 a.
3014 2659 3134 2714 499.
3171 2660 3290 2715 501.
3325 2660 3444 2724 502,
3482 2660 3626 2715 unde

951 2746 1183 2818 collegit
1205 2746 1402 2803 Ewald
1425 2747 1462 2802 1.
1488 2765 1551 2811 c.,
1588 2747 1823 2803 eundem
1848 2763 1967 2803 esse
2003 2764 2070 2803 ac
2106 2747 2282 2815 illurn,
2321 2746 2395 2801 ad
2428 2762 2594 2815 quem
2630 2745 2914 2801 decretum
2949 2744 3057 2801 hoc
3093 2745 3321 2801 missum
3356 2746 3447 2802 sit.
3518 2746 3625 2802 Sed

948 2838 1138 2890 tamen
1173 2850 1260 2890 res
1297 2833 1462 2889 valde
1499 2834 1729 2891 incerta.

738 2944 783 3007 2
3120 2939 3278 3020 (591
3321 2941 3538 3024 mart.)

741 3045 1179 3132 Gregorius
1225 3045 1259 3108 I
1313 3045 1514 3109 Petro
1569 3066 1700 3129 ep.:
1770 3044 2063 3128 mandat,
2130 3051 2203 3109 ut
2255 3043 2536 3109 Iudaeos
2588 3044 2652 3107 in
2707 3043 3151 3108 Terracinensi
3208 3050 3417 3112 castro
3471 3066 3622 3110 con-

739 3152 1068 3233 sistentes,
1130 3149 1238 3233 qui
1298 3146 1378 3213 de
1424 3156 1643 3214 vetere
1686 3149 1831 3213 loco
1878 3148 1964 3213 ad
2007 3149 2205 3212 alium
2249 3148 2462 3213 locum
2506 3168 2622 3232 pro
2667 3146 2955 3211 colendis
3001 3147 3451 3213 festivitatibus
3494 3150 3623 3213 suis

739 3255 1176 3340 migraverunt
1220 3258 1287 3317 et
1330 3274 1495 3318 nunc
1539 3252 1621 3318 ab
1669 3274 1746 3318 eo
1779 3252 2082 3337 expulsos
2128 3275 2197 3317 se
2244 3252 2455 3317 denuo
2486 3257 2979 3336 conqueruntur,
3025 3250 3107 3316 ad
3151 3252 3384 3336 locum,
3431 3274 3622 3338 quem

740 3379 884 3422 cum
939 3359 1076 3422 eius
1133 3357 1522 3422 conscientia
1575 3362 1648 3420 ut
1705 3362 2177 3441 congregentur
2235 3355 2456 3441 adepti
2515 3361 2689 3440 sunt,
2745 3356 2909 3420 sicut
2965 3377 3107 3420 mos
3165 3357 3316 3438 fuit,
3383 3355 3623 3421 ibidem

738 3462 934 3526 liceat
977 3461 1338 3526 convenire.
1384 3495 1468 3507 —
1514 3458 1753 3545 Ioseph
1798 3461 2234 3546 praesentium
2278 3459 2466 3524 lator.

948 3570 1080 3639 Req.
1120 3569 1370 3642 Gregorii
1406 3570 1444 3624 Ι
1488 3570 1576 3625 lib.
1621 3570 1658 3624 1
1700 3586 1782 3638 ep.
1811 3576 1895 3625 34.
1952 3599 2019 3610 —
2075 3569 2224 3624 Edd.
2260 3568 2316 3624 S.
2349 3569 2593 3639 Gregorii
2630 3569 2709 3623 M.
2750 3569 2884 3638 ΟΜ).
2930 3568 3010 3623 ed.
3051 3569 3240 3624 Maur.
3275 3570 3362 3624 lib.
3389 3570 3433 3623 Ι
3454 3587 3507 3623 n.
3537 3577 3625 3626 35.

742 3657 1021 3714 Contatori
1057 3674 1118 3726 p.
1150 3663 1271 3713 394.
1343 3657 1536 3712 Mami
1570 3657 1672 3712 IX
1715 3665 1845 3713 1055
1887 3674 1941 3710 n.
1968 3663 2052 3713 34.
2132 3656 2448 3725 Gappcaetti
2478 3656 2568 3710 VI
2589 3663 2699 3711 525.
2777 3655 2953 3726 Troya
2989 3656 3032 3710 I
3056 3663 3155 3712 180
3196 3673 3254 3710 n.
3281 3663 3362 3712 62.
3436 3656 3627 3726 Miync

737 3744 1056 3800 LXXVII
1082 3751 1187 3801 489
1221 3761 1277 3799 n.
1301 3751 1388 3800 35.
1458 3743 1611 3800 Mon.
1652 3743 1824 3799 Germ.
1863 3743 2006 3813 Epp.
2044 3744 2084 3798 I
2112 3752 2190 3798 47.
2232 3774 2295 3785 —
2335 3743 2504 3815 Reqq.
2540 3742 2592 3798 J.
2634 3749 2744 3798 738.
2813 3743 2927 3797 JE.
2969 3752 3108 3799 1104.

739 3885 822 3949 *3
3349 3882 3537 3965 (591)

740 3988 1181 4074 Gregorius
1225 3990 1257 4053 I
1320 3990 1518 4055 Petro
1575 4011 1704 4074 ep.:
1766 3988 2059 4073 mandat,
2127 3994 2217 4065 ut,
2263 3989 2317 4053 si
2361 3989 2575 4070 locus,
2632 4008 2823 4074 quem
2886 3984 3175 4051 Hebraei
3235 3984 3623 4052 Terracinae

738 4091 854 4157 sub
911 4113 1242 4179 synagoga
1311 4092 1618 4158 hactenus
1673 4092 2067 4178 habuerunt,
2136 4094 2226 4157 sic
2280 4093 2524 4157 vicinus
2577 4093 2659 4156 sit
2712 4090 3055 4173 ecclesiae,
3121 4096 3193 4154 ut
3256 4090 3451 4155 etiam
3496 4111 3625 4156 vox

737 4196 1150 4280 psallentium
1194 4199 1548 4282 perveniat,
1595 4196 1984 4262 Iudaeorum
2032 4195 2570 4263 celebrationibus
2615 4197 2917 4279 privetur.

946 4306 1130 4363 Laud.
1166 4308 1231 4361 in
1264 4324 1319 4362 n.
1345 4317 1394 4363 4.
1432 4338 1496 4349 —
1535 4307 1663 4377 Req.
1687 4306 1811 4363 JE.
1849 4341 1929 4362 —.

738 4398 781 4456 4
2928 4394 3086 4475 (591
3129 4397 3535 4474 sepa—oct.)

738 4497 1185 4584 Gregorius
1230 4500 1262 4563 I
1321 4498 1665 4565 Bacaudae
1713 4499 2095 4585 (Formien.)
2151 4508 2218 4566 et
2260 4500 2540 4586 Agnello
2586 4497 2955 4584 (Fundano)
3004 4518 3175 4583 epp.:
3224 4497 3507 4580 mandat,
3553 4507 3624 4563 ut

738 4621 885 4666 cum
927 4601 1125 4666 Petro
1175 4623 1277 4687 ep.
1326 4603 1582 4687 locum,⁴
1633 4601 1745 4667 ubi
1791 4610 1891 4667 est
1933 4602 2385 4668 Hebraeorum
2431 4624 2758 4688 synagoga
2804 4602 3220 4684 Terracinae,
3281 4600 3625 4686 diligenter

736 4706 1076 4789 inspiciant
1140 4713 1244 4789 et,
1313 4708 1368 4769 si
1424 4705 1665 4791 aliquid
1731 4708 1824 4770 eis
1891 4707 2204 4772 ecclesiae
2260 4709 2468 4772 visum
2525 4706 2718 4771 fuerit
2773 4705 3084 4788 obfuisse,
3149 4706 3344 4769 alium
3413 4704 3622 4769 locum

738 4810 904 4873 intra
947 4810 1157 4894 ipsum
1205 4810 1541 4874 castellum
1572 4809 2011 4894 praevideant,
2058 4810 2168 4875 ubi
2197 4810 2485 4876 Hebraei
2525 4811 2926 4874 conveniant.
3001 4807 3316 4873 Prohibet
3345 4807 3625 4873 Iudaeos

735 4914 992 4997 gravari
1036 4913 1140 4977 vel
1187 4912 1387 4999 affligi
1430 4921 1653 4978 contra
1698 4913 1988 4978 ordinem
2034 4916 2316 4978 rationis.
2363 4951 2449 4960 —
2494 4914 3026 4999 Supplicaverunt
3072 4911 3274 4977 nobis.

945 5023 1074 5092 περ.
1119 5024 1364 5094 Gregorio·
1399 5025 1433 5078 1
1470 5023 1555 5078 ub.
1593 5023 1667 5078 H
1707 5040 1784 5092 ep.
1822 5032 1871 5078 ⁶.
1927 5055 1994 5064 -
2047 5023 2195 5079 Edd.
2231 5024 2286 5079 S.
2335 5024 2582 5093 Greqoffl·
2617 5025 2697 5079 M.
2738 5024 2874 5092 epp.
2913 5023 2994 5078 ed.
3034 5024 3224 5077 Maur.
3261 5022 3347 5076 za».
3376 5025 3415 5075 ι·
3460 5040 3516 5078 n.
3544 5030 3623 5077 ιο.

607 5117 626 5140 =
738 5110 1017 5164 mamm-a·
1043 5126 1104 5179 p.
1132 5117 1248 5165 395.
1340 5110 1530 5164 Mami
1570 5110 1632 5164 x
1665 5117 1768 5165 396
1812 5127 1869 5166 n.
1912 5117 1994 5165 18.
2095 5110 2405 5179 Coppelletti
2448 5111 2534 5165 VI
2570 5118 2687 5167 526.
2776 5111 2967 5180 Μέρη
3001 5108 3313 5164 LXXVII
3337 5116 3437 5164 457
3472 5118 3622 5165 „.10.

738 5196 893 5252 Mon.
939 5195 1111 5252 Germ.
1149 5197 1290 5267 Epp.
1327 5199 1364 5252 1
1397 5205 1509 5253 104.
1549 5228 1614 5237 -
1656 5197 1821 5268 Reqq.
1855 5197 1911 5253 J.
1952 5205 2069 5253 739.
2129 5197 2250 5253 JE.
2288 5205 2430 5253 ηπ.
