4055 6069
1301 473 1441 531 Vico
1480 505 1541 515 —-
1582 474 1837 541 Tribuni,
1856 476 2034 530 Mon.
2059 494 2099 530 s.
2127 475 2563 531 Bai-tholomaei.
3257 483 3377 544 153

490 677 548 719 a.
623 656 783 719 1208
858 653 1302 723 cartusienses
1381 651 1754 737 subrogavit
1830 673 2190 739 novumque
2268 654 2723 717 monasterium
2800 654 2979 717 iuxta
3054 653 3380 720 abbatiam

488 766 775 823 veterem
837 758 996 843 erigi
1032 758 1242 822 ·iussit
1308 755 1418 841 (cf.
1473 757 1567 821 Le
1627 756 1947 822 Coutenlx
2006 758 2173 821 Ann.
2231 756 2367 823 ord.
2426 757 2781 823 Cartusien.
2840 758 2947 822 III
3004 761 3126 825 332
3160 782 3256 844 sq.
3315 767 3383 825 et

490 865 688 948 ipsius
753 861 1113 927 Innocentii
1159 860 1260 924 III
1328 860 1570 926 bullam
1639 882 1695 925 a.
1748 865 1902 926 1211
1977 868 2141 946 sept.
2184 866 2266 928 30
2333 862 2635 926 Potthast
2691 861 2854 948 Reg.
2917 868 3118 939 430&
3194 872 3378 930 auto-

488 968 806 1053 graphum
842 966 1027 1031 adest
1055 965 1366 1051 Trisulti).
1436 964 1800 1030 Trisultana
1832 966 2110 1029 cart-usia
2140 965 2306 1030 inter
2337 966 2617 1050 insignes
2661 965 2847 1029 huius
2882 966 3122 1031 ordinis
3153 966 3380 1033 domus

387 1148 392 1152 .
490 1077 735 1137 tantam
781 1076 1126 1135 consecuta
1181 1075 1279 1133 est
1322 1068 1597 1151 fama'm,
1654 1075 1724 1131 ut
1778 1068 2171 1133 Benedictus
2216 1069 2315 1132 XI
2377 1090 2435 1131 a.
2475 1071 2636 1133 1304
2680 1068 2808 1133 feb.
2844 1071 2926 1134 28
2974 1068 3376 1155 (GrandJean

488 1177 617 1241 Les
662 1176 966 1261 registres
1011 1173 1091 1238 de
1132 1174 1367 1237 Benoit
1397 1173 1495 1237 XI
1539 1195 1601 1257 p.
1638 1176 1760 1236 427
1809 1195 1869 1236 n.
1904 1171 2058 1257 668)
2106 1173 2198 1235 illi
2243 1174 2448 1257 ipsam
2493 1173 2854 1237 Romanam
2901 1173 3161 1239 domum
3207 1176 3380 1260 apud

491 1279 831 1345 ecclesiam
879 1296 927 1341 s.
963 1277 1217 1362 Cyriaci
1263 1278 1329 1340 in
1373 1275 1671 1340 Thermis
1718 1276 2072 1359 addixerit,
2136 1286 2202 1340 et
2244 1277 2401 1340 Pius
2435 1276 2564 1340 VII
2628 1298 2684 1339 a.
2727 1280 2882 1341 1801
2950 1278 3057 1342 iul.
3092 1281 3172 1342 24
3222 1278 3381 1344 duas

490 1383 716 1448 domos
743 1381 994 1447 Romae
1037 1388 1103 1446 et
1131 1380 1394 1445 Trisulti
1439 1382 1505 1443 in
1548 1401 1741 1444 unam
1772 1382 2015 1463 uniens,
2061 1380 2421 1445 Romanam
2456 1380 2833 1445 Trisultensi
2877 1382 3381 1465 incorporaverit

488 1488 753 1572 eiusque
800 1487 1081 1571 priorem
1128 1484 1503 1549 Trisultensi
1559 1482 1777 1549 abbati
1824 1484 2170 1551 subiecerit
2223 1482 2331 1568 (cf.
2379 1483 2619 1566 Roma,
2680 1483 2853 1549 Eccl.
2909 1507 2957 1547 s.
3001 1484 3256 1569 Cyriaci
3314 1488 3379 1549 in

493 1588 759 1656 thermis
801 1589 1237 1675 Diocletiani).

712 1764 1064 1828 Archivum
1109 1763 1173 1826 in
1219 1762 1599 1827 Trisultensi
1642 1761 1918 1826 cartusia
1964 1761 2393 1843 adservatum,
2441 1761 2592 1826 olim
2640 1745 2984 1847 copiosius,
3032 1762 3268 1828 damna
3312 1772 3379 1830 et

487 1869 765 1932 iacturas
810 1885 1068 1952 passum
1116 1870 1246 1949 est,
1304 1864 1559 1950 quando
1607 1885 1663 1928 a.
1708 1868 1866 1930 1810
1914 1866 1977 1928 in
2023 1862 2305 1929 Galliam
2351 1865 2727 1930 translatum
2775 1872 2842 1930 et
2883 1873 3111 1951 postea
3155 1888 3376 1953 repor-

490 1977 693 2036 tatum
744 1969 893 2045 fuit;
962 1969 1076 2035 sed
1137 1969 1499 2034 etiamnunc
1552 1969 1771 2053 magni
1817 1969 2127 2033 momenti
2173 1975 2288 2033 est.
2378 1968 2625 2033 Verum
2669 1969 2902 2034 frustra
2948 1972 3378 2055 quaesivimus

486 2073 875 2160 Regestum’
891 2073 1048 2139 illud
1092 2073 1483 2138 Trisultense
1515 2095 1575 2137 a.
1615 2075 1776 2139 1662
1812 2073 2172 2137 confectum
2205 2071 2395 2158 (sign.
2431 2071 2487 2136 O
2522 2071 2742 2157 2227),
2791 2094 2873 2138 ex
2920 2095 3045 2160 quo
3078 2075 3377 2140 Liverani

494 2180 555 2242 in
631 2178 978 2264 Spicilegio
1055 2175 1400 2241 Liberiano
1484 2174 1883 2257 (Florentiae
1977 2175 2172 2263 1863)
2255 2177 2559 2241 nonnulla
2631 2175 2970 2263 privilegia
3050 2178 3379 2262 pontificia

490 2303 656 2347 saec.
702 2280 874 2345 xm
940 2280 1339 2364 deprompsit
1404 2276 1515 2362 (cf.
1562 2300 1624 2363 p.
1661 2281 1783 2342 712
1842 2285 1970 2342 not.
2019 2277 2102 2373 1).
2187 2279 2444 2344 Veteris
2508 2279 2749 2344 archivi
2818 2287 3034 2345 autem
3101 2280 3376 2347 indicem

488 2407 545 2450 a.
587 2389 747 2451 1660
794 2384 1156 2449 confectum
1202 2383 1413 2448 adhuc
1455 2382 1785 2447 habemus.

701 2488 802 2553 De
852 2487 1110 2553 archivo
1158 2488 1237 2553 cf.
1269 2487 1638 2552 Bethmann
1682 2488 1746 2551 in
1791 2487 2034 2552 Archiv
2072 2487 2208 2551 XII
2250 2491 2404 2563 483;
2452 2485 2629 2553 Gett.
2661 2487 2899 2553 Nachr.
2940 2491 3101 2553 1900
3132 2508 3195 2571 p.
3231 2489 3376 2553 300.

695 2660 749 2713 A
804 2682 868 2705 =
907 2657 1059 2730 Orig.
1098 2657 1335 2714 Trisulti
1372 2657 1536 2712 Arch.
1574 2655 1868 2713 abbaziale
1905 2657 1962 2712 di
1999 2658 2050 2712 S.
2077 2657 2448 2713 Bartolomeo.

486 2766 567 2830 *1
2929 2768 3292 2849 (1004—9)

488 2870 881 2935 Iohannes
942 2867 1208 2951 XVIII,
1264 2875 1527 2953 petente
1587 2867 1927 2933 Dominico
1986 2866 2256 2951 abbate,
2305 2868 2645 2934 ecclesiam
2699 2889 2748 2932 s.
2780 2868 3266 2935 Bartholomaei
3313 2878 3380 2935 et

486 2976 785 3040 universa
837 2972 1039 3056 bona,
1105 2993 1272 3059 quae
1333 2991 1500 3036 nunc
1558 2970 1758 3037 habet
1812 2977 1877 3037 et
1931 2972 1996 3036 in
2042 2971 2323 3037 futurum
2370 2970 2669 3037 habitura
2714 2978 2841 3058 est,
2908 2972 3025 3037 sub
3093 2993 3245 3038 cura
3313 2981 3380 3041 et

487 3080 888 3164 protectione
936 3077 999 3143 S.
1032 3076 1110 3142 R.
1144 3075 1220 3142 E.
1266 3076 1516 3160 recipit.

693 3188 873 3245 Laud.
909 3190 971 3242 in
1021 3188 1146 3242 Vita
1179 3204 1221 3243 ε.
1247 3187 1526 3243 Dominici
1558 3193 1779 3241 auctore
1814 3186 2058 3241 Iohanne
2090 3204 2129 3241 c.
2159 3196 2217 3243 15
2252 3187 2359 3256 (ed.
2396 3188 2564 3242 Amal.
2606 3188 2864 3243 Bolland.
2901 3190 2937 3243 1
2961 3192 3099 3261 288).
3137 3222 3203 3231 -
3241 3191 3376 3263 Ray.

487 3276 593 3333 ἠ’
632 3283 780 3333 3965·
860 3343 1121 3402 1a00biui
1161 3343 1295 3400 Vita
1330 3343 1389 3399 <n
1424 3342 1477 3398 s,
1504 3342 1805 3399 nomenico
1843 3361 1896 3413 p.
1922 3343 1990 3398 22
2025 3342 2173 3398 hane
2211 3341 2472 3399 notitiam
2512 3343 2584 3399 aa
2621 3360 2671 3399 a.
2700 3344 2835 3402 1005
2869 3346 3056 3401 refert.

486 3488 568 3554 *2
2921 3491 3217 3552 1130-4

488 3592 1001 3659 Innocentius
1031 3590 1103 3654 ΙΙ
1135 3591 1475 3657 ecclesiam
1500 3612 1548 3654 s.
1573 3590 2079 3674 Bai-tholomaei,
2111 3612 2228 3675 pro
2261 3612 2339 3656 eo
2365 3592 2539 3678 quod
2562 3495 3027 3678 O(rescent(ius)
3051 3492 3380 3660 Aletr'iims

489 3718 590 3783 ep.
651 3718 721 3761 se
782 3697 846 3760 in
902 3702 1154 3780 partem
1213 3694 1328 3759 filii
1372 3695 1553 3759 Petri
1610 3694 1848 3758 Leonis
1908 3695 2263 3778 transtulit,
2321 3696 2457 3759 eius
2508 3695 2928 3760 iurisdictioni
2985 3697 3068 3762 ad
3121 3705 3376 3783 tempus

487 3801 733 3884 adimit,
781 3822 926 3867 eam
972 3800 1089 3865 sub
1136 3820 1347 3864 annuo
1393 3820 1589 3864 censu
1635 3797 1719 3863 ad
1764 3819 2023 3863 manum
2071 3820 2253 3864 suam
2299 3801 2599 3865 retinens.

867 3931 916 3965 v.
953 3910 1154 3977 Alam-i,
1191 3909 1376 3980 Episc.
1413 3929 1465 3965 n.
1491 3911 1542 3964 2.

492 4005 535 4064 3
2289 3997 2535 4063 Viterbo
2580 3999 2984 4080 (1155—58)
3028 4022 3173 4082 auy.
3204 4003 3290 4064 26

488 4104 935 4170 Hadrianus
980 4102 1078 4167 IV
1107 4103 1183 4166 B.
1217 4101 1437 4167 abbati
1464 4108 1532 4166 et
1560 4102 1859 4167 universo
1892 4103 2264 4167 conventui:
2313 4102 2597 4187 mandat,
2644 4111 2960 4190 quatenus
2989 4103 3375 4193 A(denulfo)

489 4230 589 4293 ep.
623 4208 918 4273 Aleti-ino
966 4215 1296 4292 tamquam
1341 4207 1601 4290 proprio
1647 4207 1888 4290 pastori
1934 4213 2002 4270 et
2040 4208 2273 4271 rectori
2320 4208 2675 4273 animarum
2709 4207 2991 4273 debitam
3025 4208 3374 4275 oboedien-

491 4314 646 4378 tiam
694 4319 761 4377 et
804 4311 1231 4376 reverentiam
1279 4308 1672 4394 impendant.

866 4440 916 4476 v,
955 4420 1155 4488 Alatri,
1195 4420 1376 4491 Episc.
1414 4439 1466 4474 n.
1492 4420 1541 4475 3.

489 4515 529 4572 4
2229 4512 2489 4593 Anayni
2533 4513 2938 4594 (1160—76)
2982 4512 3171 4593 april.
3203 4515 3289 4576 30

499 4614 957 4680 Alexander
1000 4613 1106 4678 III
1149 4615 1225 4679 L.
1273 4613 1489 4679 abbati
1537 4619 1603 4679 et
1647 4614 1976 4677 fratribus:
2027 4615 2366 4679 ecclesiam
2412 4637 2461 4678 s.
2492 4615 2996 4700 Bartholomaei,
3043 4637 3209 4701 quae
3255 4617 3375 4680 iuri

489 4724 694 4802 apost.
728 4718 900 4783 sedis
931 4718 1298 4803 specialiter
1328 4719 1584 4800 assistit,
1622 4717 2039 4801 eiusdemque
2074 4725 2451 4784 ornamenta
2482 4725 2548 4783 et
2579 4719 2912 4784 thesauros
2943 4740 3086 4783 cum
3116 4741 3371 4803 posses-

489 4821 772 4887 sionibus
835 4821 950 4886 sub
997 4831 1202 4906 apost.
1250 4824 1648 4908 protectione
1696 4825 1989 4908 suscipit,
2056 4824 2351 4890 concedit
2404 4826 2806 4901 facultatem,
2869 4833 2940 4888 ut
2998 4824 3262 4889 clericos
3308 4831 3375 4888 et

489 4924 688 4989 laicos
744 4945 780 4989 e
836 4925 1094 4989 saeculo
1149 4926 1470 5012 fugientes
1538 4928 1881 5010 recipiant,
1949 4927 2349 4992 visitationes
2405 4928 2794 4992 infirmorum
2866 4934 2933 4993 et
2977 4927 3369 5012 sepulturam

488 5028 779 5110 liberam,
829 5038 893 5092 et
938 5030 1274 5096 confirmat
1316 5031 1591 5095 honores
1637 5038 1768 5094 tam
1815 5032 1878 5094 in
1926 5031 2361 5115 spiritualibus
2410 5053 2602 5116 quam
2649 5032 2711 5094 in
2758 5029 3239 5114 temporalibus.
3287 5069 3370 5077 —

490 5133 681 5196 Iustis
726 5135 1082 5217 petentium
1129 5134 1482 5200 desideriis.
1572 5134 1723 5198 Dat.
1770 5135 2110 5219 Anagniae
2156 5138 2193 5198 2
2226 5135 2357 5200 kal.
2405 5134 2621 5199 madii.

695 5242 763 5296 A.
799 5274 867 5284 -
904 5242 1819 5313 Ea.aoct.1va012r.1900p.329
1854 5262 1909 5299 n.
1940 5252 2001 5299 ιν
2035 5261 2104 5299 ex
2138 5246 2206 5300 A.
2243 5274 2312 5284 -
2350 5244 2473 5315 Ray.
2510 5244 2622 5299 αι..
2665 5274 2742 5297 -.
