4055 6069
1358 465 1703 523 Roccantica
1738 499 1804 509 —
1841 467 2160 525 Oratorium
2196 488 2236 524 s.
2263 465 2434 525 Petri.
3256 472 3335 534 73

464 640 647 726 Erlo,
697 642 868 725 Omo„
910 642 990 706 de
1021 642 1297 707 Martino
1343 663 1457 707 seu
1501 642 1647 707 filiis
1693 649 1759 708 et
1787 643 2132 708 heredibus
2164 665 2383 709 eorum
2429 650 2623 729 atque
2655 641 3050 709 consortibus
3081 641 3338 727 quibus-

467 766 738 831 cumque
784 745 865 809 ab
913 747 1007 809 eis
1052 745 1405 811 advocatis:
1467 747 1762 812 concedit
1816 746 2150 811 castellum
2198 768 2256 831 q.
2290 768 2347 811 v.
2394 745 2612 812 Bocca
2657 747 2737 811 de
2783 747 3068 831 Antiquo
3114 767 3154 809 a
3199 767 3340 812 sese

462 850 861 934 acquisitum,
908 870 985 914 eo
1031 850 1223 914 modo
1270 857 1340 913 ut
1385 871 1529 914 eam
1570 850 1863 915 domibus
1906 850 2321 915 reaedificent
2366 858 2434 915 et
2477 849 2873 916 habitatores
2913 850 3022 933 ibi,
3069 857 3341 934 quantos

461 955 762 1038 poterint,
808 954 1142 1031 advocent,
1191 960 1256 1019 et
1300 955 1534 1038 singuli
1579 975 1800 1019 eorum
1845 975 1961 1039 per
2007 954 2232 1019 domos
2278 961 2343 1020 et
2387 954 2684 1045 familias,
2725 957 2961 1040 quique
2992 953 3339 1018 secundum

469 1059 894 1143 quantitatem
951 1057 1390 1143 possibilitatis
1456 1079 1642 1142 suae,
1710 1059 2070 1123 annualiter
2134 1059 2503 1144 persolvant
2566 1060 2887 1144 pensionis
2950 1059 3206 1123 nomine
3279 1059 3344 1121 in

463 1162 704 1246 pascha
748 1161 810 1226 b.
855 1163 1053 1228 Petro
1100 1183 1360 1253 censum
1414 1168 1480 1227 et
1532 1162 1787 1227 fodrum
1842 1162 2081 1227 faciant
2138 1170 2205 1228 et
2247 1164 2486 1249 placita
2529 1163 2807 1228 fideliter
2851 1161 3209 1228 observent.
3258 1197 3341 1208 —

464 1266 629 1331 Cum
675 1266 870 1331 officii
915 1268 1134 1331 nostri.
1217 1266 1348 1331 Sor.
1397 1288 1459 1350 p.
1506 1288 1589 1331 m.
1640 1266 1976 1331 Octaviani
2020 1268 2206 1332 scrin.
2265 1274 2331 1331 et
2388 1273 2516 1332 not.
2565 1290 2613 1332 s.
2661 1268 2820 1353 pal.,
2879 1269 2945 1331 in
3001 1288 3085 1331 m.
3134 1265 3340 1351 april,

461 1370 589 1435 ind.
643 1375 716 1435 14
770 1368 876 1458 [13
930 1369 1125 1458 02D].
1214 1371 1364 1436 Dat.
1419 1371 1670 1436 Romae
1722 1376 1797 1435 14
1846 1368 1909 1458 [4
1942 1368 2095 1459 DE]
2142 1372 2272 1436 kal.
2319 1372 2469 1436 maii
2529 1393 2586 1435 a.
2647 1371 2729 1436 ab
2783 1373 2904 1436 inc.
2961 1371 3021 1436 d.
3070 1392 3129 1434 n.
3192 1369 3341 1434 Iesu

463 1474 698 1539 Christi
752 1478 936 1555 1060,
981 1497 1041 1559 p.
1075 1496 1158 1538 m.
1205 1473 1548 1541 Humberti
1581 1498 1631 1538 s.
1663 1475 1816 1540 eccl.
1863 1475 2078 1543 Silvae
2109 1475 2441 1541 Candidas
2483 1496 2583 1561 ep.
2632 1483 2698 1540 et
2726 1481 2931 1559 apost.
2966 1473 3136 1539 sedis
3164 1472 3340 1558 bibl„

464 1600 520 1641 a.
555 1581 593 1641 2
642 1585 816 1662 pont.
866 1578 925 1643 d.
974 1600 1078 1663 pp.
1126 1578 1377 1663 Nicolai
1421 1579 1509 1663 H,
1554 1579 1682 1644 ind.
1723 1583 1796 1643 13
1831 1577 1932 1667 [14
1972 1577 2168 1665 C²D].

671 1692 763 1745 B¹.
801 1689 897 1745 13².
954 1690 1000 1744 c
1025 1693 1040 1724 ι
1063 1690 1109 1757 f.
1135 1696 1258 1744 442.
1299 1691 1320 1722 ²
1343 1690 1523 1755 flua.
1566 1693 1586 1724 ⁸
1608 1690 1653 1757 f·
1679 1698 1796 1746 464.
1852 1690 1911 1744 D
1943 1690 1986 1755 f·
2015 1699 2057 1744 1.
2113 1689 2175 1743 E
2203 1690 2247 1755 f·
2272 1697 2369 1745 665
2394 1690 2533 1745 Em.
2558 1720 2622 1729 -
2658 1689 2805 1744 Εαα.
2842 1688 3141 1758 Sperandio
3167 1707 3225 1758 p.
3250 1696 3345 1745 373

463 1792 514 1829 n.
541 1782 610 1831 37
641 1793 709 1830 ex
745 1777 919 1846 B²„=
947 1776 1132 1843 Miqm
1169 1775 1428 1830 CXLIII
1458 1782 1588 1831 1350
1622 1793 1676 1830 n.
1701 1782 1779 1831 31.
1837 1777 2091 1830 Marocco
2126 1776 2465 1830 Monumenti
2500 1777 2575 1830 11
2600 1784 2663 1830 41
2699 1793 2766 1830 ex
2800 1776 2896 1832 13².
2957 1776 3190 1832 Theiner
3217 1776 3343 1831 eod.

461 1861 590 1931 dipl.
626 1862 761 1918 dom.
799 1868 953 1931 temp.
990 1862 1030 1916 Ι
1049 1862 1230 1931 praef.
1258 1879 1317 1930 p.
1357 1862 1409 1916 V
1434 1868 1541 1917 not.
1579 1879 1644 1916 ecc
1679 1862 1775 1916 13².
1813 1893 1880 1902 —
1918 1862 2080 1933 Reyy.
2118 1861 2180 1917 J.
2216 1868 2357 1918 3366.
2393 1862 2499 1919 JL.
2537 1871 2664 1918 4455
2697 1861 2769 1916 ad
2801 1880 2851 1917 α.
2880 1870 3022 1918 1061.

1613 2138 1877 2208 Forum
1924 2155 2206 2208 novum.

1480 2260 1798 2317 Ecclesia
1843 2280 1884 2316 s.
1918 2261 2332 2317 Salvatoris.

462 2329 542 2391 *1
2931 2333 3227 2394 913—14

464 2435 733 2500 Laudo
802 2435 1094 2501 concedit
1151 2437 1463 2503 ecclesiae
1531 2437 1758 2502 maiori
1813 2459 1861 2502 s.
1908 2435 2259 2502 Salvatoris
2311 2437 2463 2502 Fori
2518 2438 2668 2501 novi
2722 2343 3127 2522 privil(egium
3196 2331 3346 2499 cim-

463 2540 857 2605 firmationis.

674 2649 855 2704 Laud.
890 2651 951 2703 in
985 2650 1176 2706 charta
1209 2668 1260 2706 a.
1292 2657 1415 2707 1431
1447 2652 1562 2707 ian.
1589 2661 1651 2708 10
1684 2669 1771 2721 ap.
1802 2651 2108 2720 Spes-undio
2135 2668 2191 2720 p.
2221 2658 2317 2708 321
2350 2669 2405 2707 n.
2432 2660 2458 2706 1
2494 2651 2590 2721 (cf.
2616 2668 2676 2720 p.
2702 2651 2834 2721 213).
2871 2680 2939 2689 -
2970 2650 3097 2720 Ray.
3123 2648 3233 2705 JL.
3263 2678 3346 2703 —.

841 2745 1103 2802 Dolemus
1138 2746 1289 2817 quod
1322 2746 1564 2818 amplior
1597 2764 1665 2803 ac
1701 2746 1882 2819 magis
1918 2764 2114 2804 secura
2148 2746 2354 2803 notitia
2391 2747 2459 2802 de
2494 2763 2553 2803 re
2591 2745 2949 2802 desideretur.

1699 3042 2122 3111 Montasola.

689 3198 990 3264 Clemens
1035 3199 1132 3266 VI
1177 3201 1241 3264 in
1285 3200 1465 3265 bulla
1509 3222 1624 3266 sua
1669 3223 1727 3265 a.
1767 3203 1929 3266 1346
1974 3202 2124 3269 mai.
2165 3203 2239 3264 12
2299 3198 2434 3285 (ed.
2482 3197 2838 3284 Sperandio
2894 3219 2956 3282 p.
3008 3200 3132 3263 326
3186 3217 3246 3259 n.
3281 3195 3348 3280 2)

474 3301 696 3366 laudat
742 3303 1048 3368 Celestini
1090 3303 1282 3390 (ΙΙΙ),
1341 3304 1697 3370 Innocentii
1744 3304 1907 3391 (III)
1960 3310 2026 3370 et
2071 3304 2343 3369 Honorii
2388 3301 2553 3388 (ΙΠ)
2610 3302 2947 3387 privilegia
2989 3298 3351 3365 hominibus

476 3406 748 3470 civitatis
811 3408 1006 3471 Lauri
1073 3409 1226 3472 olim
1275 3410 1357 3480 jn
1423 3408 1712 3474 Montem
1781 3432 1830 3472 s.
1886 3409 2068 3473 Petri
2133 3408 2485 3491 translatis,
2552 3426 2718 3470 nunc
2785 3411 3062 3471 castrum
3114 3403 3352 3468 Montis

474 3511 714 3584 Asulae
755 3518 1181 3596 nuncupatae,
1229 3533 1560 3590 concessa;
1607 3513 1721 3578 sed
1751 3514 2012 3577 minime
2059 3512 2144 3577 ad
2187 3534 2303 3577 nos
2334 3516 2780 3595 pervenerunt.
2856 3509 2956 3574 De
2988 3506 3352 3572 Montasola

474 3636 602 3678 non
631 3616 853 3699 procul
886 3637 925 3680 a
953 3616 1207 3702 Poggio
1238 3611 1497 3683 Mirteto
1531 3616 1609 3682 cf.
1642 3618 1938 3682 Marocco
1970 3616 2369 3681 Monumenti
2401 3613 2471 3679 II
2510 3619 2656 3690 1563
2703 3612 2954 3678 Moroni
2983 3611 3350 3676 Dizionario

473 3716 596 3781 LX
643 3722 742 3782 54.

474 3874 554 3937 *1
2904 3871 3241 3935 1191—-97

477 3978 937 4045 Celestinus
983 3980 1087 4044 III
1131 3979 1494 4045 hominibus
1539 3981 1811 4045 civitatis
1854 3981 2052 4044 Lauri
2097 3978 2501 4064 privilegium
2548 3873 2908 4042 concedit(
3233 3872 3269 3951 )

683 4089 861 4146 Laud.
898 4091 963 4144 in
1001 4089 1282 4146 Clementis
1310 4091 1395 4146 VI
1420 4091 1564 4145 bulla
1597 4109 1649 4145 a.
1675 4096 1804 4145 1346
1837 4090 1961 4145 mai.
1987 4097 2065 4144 12.
2102 4119 2168 4129 —
2208 4089 2341 4158 Req.
2376 4089 2490 4144 JL.
2527 4118 2612 4144 —.

862 4186 932 4240 cf.
967 4184 1256 4242 Redditus
1278 4185 1519 4242 Sabinae
1564 4203 1655 4256 ap.
1692 4184 1958 4241 Cencium
2010 4203 2057 4240 c.
2079 4184 2148 4239 88
2193 4183 2339 4250 (edd.
2373 4181 2647 4239 Muratori
2685 4182 2875 4252 Antiq.
2899 4181 2950 4237 V
2985 4175 3112 4245 804}
3158 4180 3356 4236 Fabre·

693 4272 984 4328 Ducheane
1020 4273 1044 4326 1
1081 4272 1231 4342 378),
1287 4271 1384 4328 ubi
1430 4272 1690 4344 legimus:
1729 4272 1863 4356 ,De
1918 4270 2156 4327 civitate
2199 4269 2328 4326 Lori
2373 4271 2538 4340 (quae
2584 4272 2670 4325 est
2713 4268 2882 4325 hodie
2928 4268 3118 4324 Monte
3163 4267 3353 4336 Asule)

681 4358 868 4414 XVIII
905 4358 1080 4414 libras
1115 4360 1375 4416 Proven.‘

985 4634 1401 4705 Oratorium
1449 4653 1507 4703 s,
1539 4636 1747 4703 Petri
1791 4637 1867 4703 in
1910 4636 2299 4704 territorio
2344 4633 2858 4717 campagnano.

694 4796 965 4860 Unicam
996 4797 1386 4862 mentionem
1417 4795 1603 4859 huius
1634 4796 1895 4859 oratorii
1927 4795 2283 4859 invenimus
2312 4795 2377 4858 in
2408 4792 2626 4860 Cencii
2657 4789 2853 4857 Libro
2887 4811 3055 4856 cens.
3084 4790 3147 4855 S.
3172 4789 3251 4854 R.
3277 4788 3352 4853 E.

485 4895 611 4981 (ed.
657 4897 1245 4964 Fabre-Duchesne
1291 4899 1326 4962 I
1376 4897 1502 4984 11),
1549 4897 1655 4963 ubi
1701 4899 2001 4983 legimus:

733 5003 1145 5086 „Oratorium
1191 5026 1239 5067 s.
1272 5003 1453 5067 Petri
1500 5005 1564 5066 in
1609 5003 1928 5067 territorio
1973 5002 2436 5086 Campagnano
2482 5000 2515 5063 I
2560 4999 2788 5064 libram
2834 4997 3082 5063 cerae.“

698 5105 828 5171 Sed
871 5106 1131 5171 ubinam
1179 5109 1365 5170 situm
1401 5106 1593 5171 fuerit
1636 5106 1760 5170 hoc
1807 5108 2153 5170 oratorium
2201 5115 2267 5170 et
2311 5106 2561 5169 cuinam
2607 5103 2884 5188 pontifici
2934 5100 3357 5186 privilegium,

486 5229 609 5292 quo
656 5231 882 5275 census
927 5211 1035 5277 ille
1082 5212 1417 5295 impositus
1462 5211 1601 5294 fuit,
1648 5209 2055 5274 tribuendum
2101 5211 2203 5292 sit,
2248 5210 2312 5272 in
2359 5207 2551 5272 dubio
2596 5214 2903 5273 versatur.
