4055 6069
1004 462 1375 544 Episcopatus
1410 468 1691 531 Hortanus
1727 506 1793 519 -—
1829 462 1978 532 Eccl.
2016 460 2263 533 cathedr.
2301 496 2342 531 s.
2369 462 2581 533 Mariae
2617 464 2861 534 Maioris.
3251 471 3372 548 ’193

704 650 1053 717 Archivum
1109 649 1417 736 episcopii
1474 651 1719 716 nullum
1772 673 2031 736 prorsus
2089 652 2544 718 documentum
2599 654 2977 740 antiquioris
3033 656 3176 721 aevi
3223 677 3374 720 con-

490 758 668 822 tinet.
767 756 845 819 In
899 755 1174 820 civitatis
1243 777 1499 841 quoque
1557 756 1815 821 archivo
1884 757 2128 822 nullum
2197 757 2372 822 aliud
2439 758 2796 823 invenimus
2862 760 2982 823 nisi
3048 759 3376 824 Landonis

487 862 820 926 Leoncinii
865 881 1026 944 opus
1072 858 1152 923 de
1199 859 1443 924 fabrica
1488 858 1751 925 Ortana.

490 1036 527 1098 1
2513 1035 2759 1100 Viterbo
2803 1035 3034 1121 (1149)
3083 1038 3215 1101 ian.
3246 1039 3292 1102 2

489 1138 875 1225 Eugenius
920 1138 1025 1203 ΠΙ
1067 1140 1272 1205 Leoni
1317 1141 1514 1225 priori
1559 1141 1820 1205 maioris
1852 1141 2005 1205 eccl.
2041 1140 2102 1205 b.
2134 1142 2378 1206 Mariae
2413 1140 2664 1207 Orten.:
2713 1142 3029 1225 praecipit
3060 1140 3375 1221 adnotari,

490 1262 656 1326 quae
713 1264 906 1327 super
951 1244 1431 1328 quaestionibus
1476 1246 1641 1310 inter
1685 1246 2026 1309 canonicos
2069 1252 2137 1310 et
2179 1245 2531 1310 Rodulfum
2579 1267 2681 1330 ep.
2737 1247 2803 1309 in
2848 1267 2963 1311 sua
3007 1247 3377 1330 praesentia

488 1346 796 1411 ventilata
840 1353 908 1411 et
951 1369 989 1412 a
1032 1369 1176 1414 sese
1224 1347 1651 1414 determinata
1697 1355 1861 1412 sunt.

866 1476 917 1513 v.
953 1457 1102 1513 Eccl.
1141 1458 1388 1515 cathedr.
1425 1478 1479 1515 n.
1508 1461 1551 1514 1.

1148 1753 1469 1821 EcclesIa
1513 1753 1956 1821 cathedralis
2003 1770 2062 1820 s.
2094 1755 2362 1822 Mariae
2408 1754 2728 1823 Maioris.

701 1909 965 1973 Archivi
1019 1930 1184 1995 quae
1241 1917 1580 1994 supersunt
1634 1917 2049 1976 monumenta
2102 1932 2158 1974 ν.
2223 1913 2299 1976 cl.
2358 1911 2437 1977 G.
2483 1912 2986 1998 Pasquinangeli
3047 1912 3377 1978 Hortanus

488 2032 570 2076 ex
641 2012 1028 2078 obscuritate
1102 2015 1330 2087 traxit;
1412 2035 1579 2099 quae
1646 2013 1842 2079 hodie
1900 2014 2320 2080 adservantur
2386 2037 2585 2100 penes
2652 2017 2994 2108 canonicos
3060 2017 3375 2081 ecclesiae

488 2116 896 2183 cathedralis.

696 2274 745 2324 Δ
806 2294 870 2317 =
908 2270 1060 2343 Orig.
1100 2272 1234 2327 Orte
1270 2272 1436 2327 Arch.
1476 2272 1806 2343 capitolare.

699 2356 746 2410 0
800 2381 863 2403 =
903 2358 1092 2414 Lando
1130 2357 1395 2414 Leoncini
1432 2358 1710 2415 Fabbrica
1746 2359 1961 2415 Ortana
1997 2359 2106 2415 vol.
2145 2359 2241 2425 III,
2279 2379 2322 2415 s.
2348 2358 2496 2425 XVI,
2537 2358 2670 2416 Orte
2706 2360 2871 2416 Arch.
2910 2361 3214 2417 comunale.

486 2500 525 2559 1
2516 2499 2761 2566 Viterbo
2807 2500 3040 2583 (1149)
3082 2501 3215 2563 ian.
3246 2502 3292 2563 2

486 2600 596 2665 Eu
611 2602 879 2686 genius
924 2602 1030 2666 III
1083 2604 1290 2668 Leoni
1348 2605 1576 2688 priori:
1648 2607 1965 2690 praecipit
2026 2605 2352 2689 adnotari,
2422 2626 2588 2690 quae
2644 2625 2836 2689 super
2896 2603 3377 2689 quaestionibus

486 2707 650 2770 inter
691 2707 1028 2771 canonicos
1073 2714 1141 2771 et
1181 2706 1535 2772 Rodulfum
1582 2730 1684 2792 ep.
1733 2708 1954 2774 Orten.
2001 2711 2068 2773 in
2111 2731 2227 2774 sua
2268 2710 2635 2795 praesentia
2682 2708 2992 2773 ventilata
3037 2713 3104 2771 et
3148 2728 3187 2771 a
3233 2728 3375 2771 sese

487 2809 914 2876 determinata
957 2818 1121 2877 sunt.
1168 2848 1253 2859 —-
1296 2811 1397 2876 Ne
1445 2811 1782 2878 oblivionis
1827 2813 2199 2879 obscuritas.
2288 2814 2438 2879 Dat.
2485 2812 2762 2878 Viterbii
2809 2818 2846 2876 4
2880 2832 3025 2876 non.
3075 2813 3198 2875 ian.

694 2919 741 2975 0
775 2920 820 2987 f.
847 2927 944 2976 121
977 2922 1110 2977 Εωε.
1165 2952 1232 2963 —-
1288 2920 1435 2978 Edd.
1483 2922 1681 2992 Uulcati
1720 2927 1738 2958 ¹
1776 2924 1819 2978 I
1844 2932 1961 2989 779,-
2018 2927 2041 2959 ²
2077 2925 2120 2979 I
2149 2932 2244 2980 736
2289 2940 2355 2979 m:
2397 2924 2652 2980 Hortano
2697 2922 2915 2978 archivo
2950 2945 3016 2969 =
3063 2921 3380 2991 cappellam

490 3006 583 3063 VI
603 3013 683 3077 39,
723 3030 788 3056 =
825 3008 1021 3081 Miqne
1059 3007 1351 3065 CLXXX
1384 3004 1515 3066 1381
1549 3027 1606 3066 a.
1634 3017 1751 3068 336.
1788 3044 1855 3053 -
1894 3010 2068 3084 Reqy.
2104 3011 2157 3067 J.
2193 3018 2341 3069 64⁷0.
2395 3010 2511 3069 JL.
2548 3016 2686 3067 9317.

482 3167 528 3230 2
2472 3169 2797 3234 Laterano
2842 3168 3011 3231 1159
3053 3166 3173 3247 feb.
3207 3169 3291 3229 17

485 3267 927 3334 Hadrianus
970 3269 1068 3336 IV
1124 3272 1330 3336 Leoni
1382 3273 1583 3356 priori
1648 3276 1799 3337 etc.:
1858 3273 2199 3338 ecclesiam
2258 3272 2317 3337 b.
2360 3271 2603 3338 Mariae
2667 3271 2931 3340 Maioris
2993 3270 3110 3334 sub
3169 3275 3374 3354 apost.

485 3376 884 3456 protectione
930 3375 1195 3460 suscipit
1240 3381 1307 3442 et
1337 3375 1673 3440 confirmat
1715 3375 1884 3441 bona
1926 3377 2203 3462 propriis
2236 3397 2547 3462 expressa
2577 3377 2939 3442 nominibus
2985 3382 3052 3441 et
3082 3376 3378 3457 antiquas

487 3479 998 3545 consuetudines.
1042 3521 1125 3529 -—
1157 3481 1469 3556 Quotiens
1513 3480 1671 3546 illud
1702 3506 1760 3548 a.
1829 3481 1970 3568 Ego
2001 3480 2327 3547 Adrianus
2359 3489 2481 3548 etc.
2559 3481 2812 3548 Subscr.
2867 3487 2942 3545 15
2978 3478 3148 3545 card.
3225 3477 3374 3541 Dat.

484 3584 627 3648 Lat.
674 3605 737 3668 p.
783 3605 869 3648 m.
945 3584 1251 3649 Rollandi
1306 3584 1369 3649 8.
1409 3584 1488 3649 R.
1522 3584 1597 3649 E.
1643 3584 1855 3670 presb.
1914 3585 2086 3650 card.
2143 3592 2210 3651 et
2268 3607 2474 3670 canc,
2547 3590 2623 3652 13
2663 3585 2794 3650 kal.
2851 3591 3068 3666 mart,
3138 3579 3266 3645 ind.
3317 3584 3377 3665 7,

486 3689 608 3752 inc.
655 3688 716 3752 d.
763 3709 822 3753 a.
861 3692 1046 3772 1158,
1090 3695 1267 3774 pont.
1314 3710 1373 3753 v,
1420 3688 1480 3753 d.
1526 3689 1799 3755 Adriani
1843 3712 1951 3775 pp.
1983 3690 2127 3753 IIII
2171 3711 2228 3755 a.
2277 3692 2414 3755 eius
2462 3695 2519 3754 5.

690 3799 761 3853 A.
797 3828 865 3838 -
901 3798 1011 3855 Ea.
1051 3798 1191 3855 Gon.
1228 3799 1430 3854 Naehr.
1470 3807 1677 3869 190612.
1705 3806 1811 3856 337
1842 3817 1897 3855 n.
1924 3809 1982 3855 11
2016 3816 2083 3854 a
2114 3801 2182 3855 A.
2221 3830 2285 3841 -
2323 3799 2449 3870 1209.
2488 3799 2594 3855 JL.
2632 3832 2716 3854 -.

483 3939 528 4000 3
2503 3940 2771 4024 Anayni
2815 3941 2985 4003 1174
3029 3942 3215 4002 mart.
3251 3940 3293 4000 7

484 4042 935 4109 Alexander
977 4043 1082 4108 111
1124 4044 1323 4129 priori
1378 4050 1536 4109 etc.:
1590 4044 1825 4130 repetit
1868 4043 2185 4109 Hadriani
2217 4042 2313 4107 IV
2357 4043 2766 4128 privilegium
2805 4045 2897 4126 (n.
2930 4043 3023 4125 2).
3068 4078 3155 4087 —-
3197 4040 3378 4105 Effe-

485 4152 656 4210 ctum
700 4148 868 4212 iusta
911 4147 1399 4232 postulantibus.
1490 4147 1631 4234 Ego
1677 4147 2055 4214 Alexander
2099 4153 2218 4212 etc.
2297 4145 2549 4213 Subscr.
2597 4151 2635 4213 9
2669 4146 2841 4212 card.
2924 4145 3074 4211 Dat.
3120 4146 3377 4230 Anagn.

482 4270 544 4333 p.
575 4271 660 4315 m.
731 4249 1025 4316 Gratiani
1070 4250 1134 4316 S.
1166 4251 1247 4318 R.
1281 4251 1360 4317 E.
1406 4250 1691 4316 subdiac.
1740 4257 1807 4317 et
1849 4257 2015 4337 not,
2062 4271 2208 4316 non.
2254 4258 2474 4336 mart,
2520 4250 2649 4315 ind.
2686 4255 2745 4334 7,
2793 4253 2913 4315 inc.
2964 4249 3024 4314 d.
3073 4271 3131 4314 a.
3191 4252 3377 4333 1173,

487 4359 666 4437 pont.
712 4375 770 4419 v.
819 4354 882 4418 d.
925 4354 1285 4421 Alexandri
1331 4377 1440 4440 pp.
1487 4354 1594 4421 111
1637 4377 1695 4420 a.
1749 4361 1846 4422 15.

688 4465 758 4519 Δ.
797 4496 861 4505 -—
897 4464 1003 4521 Ed.
1043 4464 1183 4521 Gott.
1219 4465 1419 4521 Nadvr.
1456 4473 1582 4522 1906
1608 4471 1795 4534 11347
1824 4482 1879 4520 n.
1906 4473 1968 4521 19
2000 4481 2065 4520 em
2099 4467 2166 4520 A.
2207 4496 2269 4505 —
2312 4464 2444 4536 Req.
2479 4464 2589 4520 JL.
2629 4495 2712 4520 —-.

485 4605 527 4664 4
2510 4603 2835 4671 Laterano
2882 4605 3054 4667 1197
3094 4602 3212 4669 iul.
3250 4603 3286 4664 1

485 4705 927 4773 Celestinus
978 4708 1084 4772 111
1148 4709 1461 4774 universis
1529 4709 1766 4775 Christi
1838 4708 2136 4774 fidelibus
2200 4728 2319 4794 per
2373 4709 2850 4792 Ameliensem‚
2918 4706 3370 4788 Narniensem‚

484 4810 902 4877 Tudertinam
934 4818 1001 4877 et
1031 4812 1449 4898 Spoletanam
1481 4813 1814 4878 dioeceses
1859 4813 2244 4878 constitutis:
2291 4820 2498 4898 rogat,
2544 4814 2610 4877 in
2639 4812 3085 4878 remissionem
3117 4830 3377 4875 suorum

481 4922 891 5000 peccatorum
921 4917 1275 5004 iniungens,
1309 4924 1626 5004 quatenus
1657 4918 1978 4982 canonicis
2011 4916 2291 4998 Ortanis‚
2322 4917 2662 4982 ecclesiam
2695 4938 2744 4979 s.
2773 4913 3039 4998 Georgii
3072 4933 3377 4998 reparare

480 5018 992 5104 intendentibus,
1055 5019 1134 5084 de
1198 5021 1384 5086 bonis
1436 5023 1565 5086 suis
1622 5021 1935 5086 beneficia
1986 5021 2338 5105 porrigant.
2389 5057 2467 5067 ——
2518 5019 2839 5094 Quoniam
2895 5023 2966 5081 ut
3025 5018 3134 5081 ait.
3227 5015 3379 5079 Dat.

479 5122 622 5188 Lat.
669 5123 799 5189 kal.
847 5123 957 5189 iul.
1005 5131 1178 5209 pont.
1225 5149 1287 5191 n.
1336 5148 1395 5190 a.
1432 5130 1491 5190 7.

685 5236 757 5290 A.
798 5265 867 5275 -
902 5234 1011 5290 Ed.
1056 5235 1195 5290 Gott.
1234 5235 1437 5294 Nachr.
1478 5244 1605 5292 1905
1632 5253 1691 5306 p.
1717 5242 1819 5292 380
1853 5254 1908 5291 n.
1937 5243 2009 5290 50
2042 5252 2108 5289 ea:
2143 5237 2211 5289 A.
2249 5264 2314 5275 —
2355 5234 2490 5306 Περ.
2527 5233 2639 5291 JL.
2673 5263 2757 5289 -.

583 5339 744 5393 Kehr,
770 5339 901 5383 ltalia
923 5339 1150 5394 pontificia
1176 5340 1231 5385 11.
3005 5319 3069 5373 13
