4055 6069
696 468 778 527 54
2016 455 2258 514 Latium.

699 638 1031 703 archivum
1115 635 1536 703 cancellariae
1612 633 1996 719 episcopalis
2070 655 2282 719 neque
2356 634 2668 699 ecclesiae
2743 630 3129 699 cathedralis
3203 656 3252 698 s.
3298 634 3584 702 Liberati

696 764 907 829 neque
975 743 1250 806 civitatis
1321 741 1775 805 documentum
1841 739 2043 803 ullum
2110 739 2442 824 antiquum
2510 738 2887 802 continetur.
2997 737 3252 803 Pariter
3317 746 3453 805 tum
3520 741 3584 806 in

698 848 859 912 actis
928 846 1308 911 visitationis
1376 844 1547 910 card.
1595 842 1873 928 Corsini,
1943 864 2109 929 quae
2163 843 2470 909 Malleani
2534 864 2734 928 penes
2802 842 3250 909 cancellarium
3298 846 3584 932 episcopi

699 956 988 1034 exstant,
1036 958 1170 1015 tum
1216 952 1281 1014 in
1339 949 1497 1014 actis
1554 949 1987 1013 visitationum
2050 952 2330 1013 a.1594.
2400 950 2583 1014 1636.
2647 950 2831 1014 1660.
2892 950 3074 1013 1683.
3146 951 3329 1014 1686.
3401 954 3582 1035 1687,

702 1075 870 1139 quae
933 1052 1185 1119 Romae
1253 1055 1317 1118 in
1375 1053 1634 1118 archivo
1682 1053 2032 1132 Vaticano,
2100 1054 2165 1116 in
2225 1052 2446 1117 codice
2509 1054 2668 1118 1753
2736 1051 3169 1117 bibliothecae
3225 1051 3585 1139 Garpegna,

698 1180 746 1222 s.
781 1157 1019 1244 Angeli
1049 1158 1226 1223 Arm.
1261 1158 1361 1222 IX
1401 1157 1538 1222 ord.
1570 1178 1706 1242 sup.
1742 1160 1799 1221 3.
1834 1162 1893 1241 4,
1940 1157 2121 1222 Misc.
2152 1158 2331 1221 Arm.
2364 1156 2497 1221 VH
2543 1162 2586 1220 t.
2621 1159 2721 1220 21.
2756 1158 2860 1239 22,
2905 1155 3341 1239 adservantur,
3388 1160 3582 1243 privi-

697 1262 938 1346 legium
983 1262 1226 1326 nullum
1257 1261 1628 1346 pontificum
1657 1260 2098 1325 Romanorum
2143 1266 2292 1325 ante
2332 1260 2776 1325 Innocentium
2807 1259 2911 1323 ΠΙ
2941 1254 3313 1326 invenimus.
3383 1263 3583 1327 Deni-

705 1387 830 1450 que
876 1366 1112 1430 frustra
1155 1364 1679 1450 perlustravimus
1726 1362 2228 1429 Constitutiones
2260 1365 2667 1449 episcopatus
2699 1362 3086 1445 Sabinensis,
3132 1386 3179 1428 s.
3212 1365 3396 1449 XVI,
3441 1366 3580 1430 cod.

699 1468 848 1534 Vat.
897 1468 1201 1534 Ottobon.
1252 1472 1375 1534 818
1431 1467 1540 1553 (cf.
1599 1467 1774 1532 Gott.
1831 1466 2068 1532 Nachr.
2117 1471 2278 1533 1903
2335 1490 2396 1552 p.
2439 1466 2549 1552 62)
2606 1473 2672 1532 et
2735 1467 3141 1533 Documenta
3207 1467 3584 1535 Sabinensia

698 1571 850 1637 inde
897 1572 979 1637 ab
1024 1593 1080 1637 a.
1121 1575 1283 1638 1087
1329 1573 1395 1636 in
1423 1572 1805 1656 Hieronymi
1834 1572 2058 1637 Amati
2085 1572 2457 1654 Miscellaru,
2493 1593 2541 1634 s.
2572 1570 2739 1635 XIX
2766 1571 2872 1651 in.‚
2919 1569 3059 1659 cod.
3089 1571 3240 1637 Vat.
3270 1572 3381 1638 lat.
3415 1575 3581 1639 9782

707 1677 752 1741 f.
791 1681 868 1742 10
894 1698 987 1760 sq.
1034 1674 1104 1760 (l.
1152 1697 1205 1740 c.
1250 1698 1315 1761 p.
1347 1675 1481 1761 29).
2222 1676 2223 1679 ’

700 1853 739 1912 1
3141 1848 3501 1929 (558-60)

699 1952 1089 2039 Pelagius
1132 1953 1169 2016 I
1226 1953 1411 2017 Bono
1471 1974 1571 2037 ep.
1629 1951 1942 2018 Sabinati:
2011 1950 2305 2035 mandat,
2371 1957 2443 2015 ut
2506 1950 2809 2016 Rufinum
2875 1951 3261 2017 monachum
3298 1952 3583 2019 ,sabbato

700 2057 996 2130 veniente
1045 2056 1384 2121 diaconum
1431 2054 1644 2136 faciat,
1691 2055 1991 2122 mediana
2034 2054 2445 2121 hebdomada
2490 2054 2722 2122 deinde
2769 2077 2837 2122 se
2886 2076 3032 2122 eum
3071 2062 3586 2123 consecraturum

704 2151 864 2226 dicit
888 2158 1357 2246 presbyterum,
1405 2166 1718 2246 quatenus
1762 2160 2253 2244 superveniente
2284 2159 2631 2224 festivitate
2678 2159 2965 2245 paschali
3010 2180 3192 2224 sacra
3234 2161 3588 2226 ministeria

702 2265 770 2329 in
812 2262 1080 2329 basilica
1109 2285 1157 2327 s.
1189 2264 1542 2348 Laurentii,
1587 2265 1655 2329 in
1683 2265 2086 2348 possessione
2130 2263 2250 2326 viri
2292 2261 2616 2347 magnifici
2657 2260 2983 2328 Theodori
3025 2262 3310 2346 fundata,
3355 2285 3395 2328 a
3437 2284 3586 2347 per-

707 2388 867 2433 sona
909 2368 1303 2452 competenti
1346 2368 1606 2434 valeant
1650 2367 2007 2452 adimpleri.
2059 2404 2137 2414 —
2184 2364 2264 2431 In
2307 2365 2614 2450 parochia
2660 2373 2786 2431 tua.

917 2477 1044 2533 Gon.
1093 2477 1257 2532 Bria.
1302 2476 1506 2545 Pdayii
1541 2476 1583 2530 I
1606 2491 1682 2544 ep.
1725 2482 1804 2531 23.
1879 2474 2142 2529 Gratiani
2177 2473 2337 2529 Decr.
2379 2472 2435 2531 G'.
2474 2473 2633 2528 XVI
2670 2490 2760 2543 qu.
2795 2484 2823 2529 1
2858 2491 2902 2530 c.
2939 2481 3017 2531 31.
3071 2506 3137 2515 —
3188 2474 3333 2531 Edd.
3385 2476 3589 2544 Uar-eui

706 2568 729 2599 ²
768 2565 858 2619 X·
894 2572 976 2619 74.
1066 2564 1210 2619 Μ.
1258 2563 1415 2620 Rom
1466 2564 1547 2619 cd.
1603 2563 1768 2618 Tam.
1807 2564 1951 2632 App.
1989 2562 2032 2616 Ι
2054 2567 2158 2616 323
2191 2578 2247 2616 n.
2270 2568 2350 2617 37.
2444 2560 2752 2631 cappellani
2799 2562 2836 2615 1
2862 2569 2974 2618 659.
3040 2562 3195 2617 Thiel
3233 2561 3377 2632 Epp.
3414 2563 3459 2617 I
3489 2571 3588 2618 464

701 2669 761 2708 οι.
785 2659 850 2707 41
882 2652 1025 2706 inter
1061 2651 1266 2707 Gelas&
1302 2652 1339 2706 1
1368 2651 1631 2720 epistolas.
1688 2649 1979 2719 Friedbery
2015 2649 2058 2703 I
2086 2656 2191 2705 769.
2227 2679 2294 2689 -
2350 2648 2510 2720 Raeqy.
2547 2647 2743 2702 Ewazd
2775 2648 2837 2702 in
2874 2648 2947 2704 N.
2982 2650 3182 2704 Archiv
3214 2649 3269 2704 V
3295 2657 3396 2704 546
3429 2666 3484 2704 η.
3509 2656 3586 2705 23.

707 2738 761 2794 J.
798 2744 896 2795 433
931 2738 1007 2793 ad
1041 2745 1370 2794 α.492-96
1403 2738 1547 2793 inter
1588 2736 1794 2792 Gelasii
1828 2736 2036 2790 lacta.
2089 2735 2203 2789 JK.
2239 2742 2345 2790 995.

1085 2834 1149 2889 In
1202 2833 1524 2890 memoriam
1567 2849 1891 2888 revocamus
1926 2829 2328 2887 Innocentii
2365 2830 2393 2885 1
2437 2831 2766 2901 rescriptum
2817 2828 3102 2886 Florentio
3152 2847 3239 2901 ep.
3292 2829 3588 2887 Tiburtino

910 2921 1140 2978 missum
1155 2962 1168 2987 ‚
1213 2939 1325 2991 quo
1361 2938 1487 2976 eum
1523 2919 1597 2974 ab
1633 2918 1948 2974 invadenda
1983 2917 2112 2973 Ursi
2148 2917 2401 2989 episcopi
2437 2917 2794 2974 Nomentana
2832 2917 2949 2975 sive
2986 2916 3283 2974 Feliciensi
3319 2916 3589 2989 parochia

914 3007 1244 3067 dehortatur
1279 3012 1351 3078 (v.
1391 3004 1595 3076 Tivoli‚
1632 3005 1817 3077 Episc.
1853 3023 1906 3061 n.
1935 3007 2001 3073 1).

703 3135 750 3198 2
3198 3128 3324 3193 593
3367 3129 3502 3192 ian.

705 3236 1143 3323 Gregorius
1188 3235 1222 3299 I
1268 3233 1570 3300 Gratioso
1614 3254 1716 3318 ep.
1762 3232 2199 3298 Nomentano:
2262 3232 2603 3296 committit
2655 3251 2871 3296 curam
2931 3231 3587 3318 gubernationemque

708 3365 758 3406 s.
787 3341 1122 3407 Anthemii
1154 3340 1468 3405 ecclesiae
1513 3340 1580 3403 in
1610 3337 1871 3403 Curium
1905 3335 2286 3402 Sabinorum
2320 3336 2638 3402 territorio
2674 3337 3073 3402 constitutae.
3106 3377 3190 3385 ——
3232 3337 3588 3422 Postquam

708 3446 978 3512 hostilis.

917 3556 1047 3626 Βᾳῑ.
1086 3554 1325 3626 θνορονίἰ
1360 3555 1396 3609 1
1430 3554 1517 3610 zib.
1543 3554 1651 3609 m
1674 3570 1752 3623 op.
1781 3560 1865 3609 20.
1904 3584 1970 3593 -
2007 3552 2159 3609 Edd.
2195 3553 2250 3608 S.
2278 3553 2535 3625 Greyorii
2569 3553 2651 3610 M.
2687 3553 2819 3622 opp.
2856 3553 2934 3609 ed.
2970 3553 3159 3609 Maur.
3187 3554 3270 3609 lab.
3297 3555 3403 3609 ΠΙ
3427 3572 3483 3610 οι.
3508 3563 3590 3612 20.

718 3643 924 3716 Uyhelli
958 3646 980 3677 ²
1009 3642 1097 3696 X·
1136 3648 1208 3697 73.
1245 3649 1351 3696 147.
1440 3640 1647 3696 Piazza
1701 3640 1999 3696 Gorarchia
2051 3639 2197 3695 can-d.
2240 3656 2298 3710 p.
2333 3647 2438 3695 162.
2520 3631 2713 3695 Mami
2748 3640 2849 3695 IX
2880 3647 3004 3695 1124
3047 3657 3102 3695 n.
3127 3647 3208 3696 20.
3290 3640 3592 3711 Spa-audio

701 3748 763 3801 p.
801 3736 898 3786 335
931 3746 986 3785 n.
1022 3736 1098 3784 10.
1181 3727 1490 3798 Gappdleai
1528 3727 1570 3781 I
1596 3733 1705 3783 697.
1799 3726 1975 3797 Troya
2009 3727 2051 3780 Ι
2076 3732 2174 3782 283
2214 3744 2269 3782 η.
2304 3733 2419 3782 100.
2494 3725 2683 3796 Miyne
2718 3725 2904 3781 LXX
2914 3726 3035 3782 VH
3060 3735 3158 3783 619
3199 3744 3252 3781 π.
3278 3734 3360 3783 20.
3434 3728 3589 3784 Mon.

715 3817 888 3874 Germ.
925 3815 1068 3884 ΕΜ).
1109 3815 1151 3869 I
1178 3820 1291 3870 178.
1329 3844 1394 3854 -
1433 3813 1599 3885 Reqy.
1622 3813 1676 3869 J.
1713 3820 1832 3869 860.
1869 3813 1978 3869 JE.
2005 3819 2152 3868 1224.

712 3977 757 4039 3
3184 3973 3308 4035 944
3352 3974 3502 4037 mai.

711 4077 1060 4143 Marinus
1105 4075 1176 4138 H
1243 4074 1516 4142 Iohanni
1562 4096 1662 4160 ep.
1713 4073 2012 4142 Sabinen.
2062 4082 2212 4140 etc.:
2284 4075 2618 4140 confirmat
2663 4075 3105 4161 episcopatum
3152 4074 3589 4160 Sabinensem,

718 4182 827 4266 qui
874 4186 975 4245 est
1017 4178 1100 4245 ad
1144 4177 1456 4244 honorem
1504 4201 1553 4241 s.
1586 4179 1865 4256 Mariae,
1912 4200 2080 4265 quae
2126 4180 2384 4264 ponitur
2426 4180 2491 4243 in
2534 4178 2705 4244 Foro
2749 4200 2943 4264 novo,
2989 4179 3104 4244 sub
3151 4178 3592 4264 designatione

714 4284 1151 4351 terminorum.
1206 4320 1276 4331 —
1329 4281 1643 4350 Convenit
1688 4284 2040 4369 apostolico
2086 4283 2528 4349 moderamini.
2620 4282 2752 4348 Sor.
2785 4305 2848 4368 p.
2879 4305 2964 4348 m.
3009 4284 3247 4349 Leonis
3278 4291 3407 4348 not.
3455 4306 3588 4370 reg.

716 4394 783 4454 et
812 4389 998 4454 scrin.
1033 4386 1096 4452 S.
1126 4386 1207 4452 R.
1241 4386 1341 4470 E„
1386 4388 1452 4451 in
1483 4408 1566 4451 m.
1599 4389 1791 4472 maio,
1824 4409 1944 4472 per
1972 4386 2102 4452 ind.
2138 4390 2195 4451 2.
2270 4386 2422 4452 Dat.
2472 4435 2487 4449 .
2522 4434 2537 4450 .
2573 4435 2588 4450 .
2619 4409 2682 4471 p.
2713 4408 2796 4452 m.
2843 4386 3140 4474 Gregorii
3173 4387 3589 4454 secundicerii

717 4514 765 4556 s.
813 4490 986 4557 sedis
1031 4495 1258 4575 apost.,
1304 4512 1363 4555 a.
1407 4489 1552 4556 Deo
1598 4513 1780 4577 prop.
1827 4497 2003 4576 pont.
2052 4489 2114 4555 d.
2159 4489 2393 4556 Marini
2437 4513 2517 4555 ss.
2564 4496 2740 4576 pont.
2790 4488 2903 4577 [et]
2947 4493 3117 4557 univ.
3163 4514 3270 4577 pp.
3316 4493 3383 4556 in
3428 4514 3589 4558 sacr.

716 4593 871 4661 sede
916 4593 977 4658 b.
1010 4593 1189 4659 Petri
1236 4598 1441 4678 apost.
1488 4597 1548 4678 2,
1593 4594 1661 4659 in
1702 4615 1922 4659 mense
1970 4600 2037 4659 et
2080 4593 2208 4658 ind.
2243 4615 2323 4658 ss.

924 4703 1070 4761 Edd.
1114 4703 1334 4759 Gallam
1380 4704 1543 4759 Man.
1577 4703 1636 4758 di
1667 4709 1745 4759 tre
1785 4704 1947 4760 dnicae
1989 4704 2052 4759 di
2099 4705 2249 4761 Rieu·
2285 4721 2340 4773 p.
2375 4713 2474 4761 154
2527 4721 2594 4760 ex
2636 4703 2747 4760 cod.
2790 4703 3084 4775 Garampi,
3140 4706 3234 4760 ubi
3285 4705 3595 4761 inscribitur

716 4791 1009 4861 „Confines
1053 4791 1386 4860 episcopatus
1437 4790 1782 4846 Sabinmis‘·
1822 4815 1886 4837 =
1923 4791 2223 4862 Sper-undio
2260 4808 2319 4861 p.
2358 4799 2454 4849 331
2489 4809 2544 4848 n.
2567 4800 2600 4848 6
2634 4815 2699 4841 ==
2742 4792 2932 4862 Μέρη
2968 4791 3310 4848 CXXXIII
3336 4798 3435 4847 872
3466 4808 3524 4846 n.
3546 4799 3596 4857 6,

720 4901 786 4925 =
828 4877 1087 4933 michaeli
1125 4877 1281 4932 Man.
1317 4882 1442 4932 ator.
1489 4876 1631 4933 dona
1669 4877 1803 4932 citt&
1844 4878 1904 4933 di
1941 4877 2094 4933 Rieti
2131 4877 2207 4932 H
2232 4885 2339 4934 211.
2378 4911 2443 4920 -
2494 4878 2656 4951 Reyq.
2696 4878 2921 4934 Galloni
2953 4879 3057 4934 Del
3080 4879 3364 4949 pm'micero
3391 4896 3446 4946 p.
3474 4885 3594 4933 100.

716 4965 772 5022 J.
814 4971 961 5020 2779.
996 4962 1103 5018 JL.
1139 4969 1288 5019 3626.

1096 5059 1454 5115 Meminerint
1488 5059 1749 5125 lectores,
1802 5059 1916 5116 iam
1966 5061 2042 5115 ad
2087 5060 2327 5117 Leonem
2375 5078 2461 5131 ep.
2508 5061 2865 5118 Sabinensem
2882 5103 2895 5128 ,
2950 5060 3047 5132 qui
3099 5077 3213 5115 una
3266 5077 3391 5114 cnm
3426 5058 3594 5116 Petro

927 5144 1470 5217 Forosempronieusi
1505 5163 1594 5216 ep.
1632 5145 1930 5219 legationis
1966 5164 2193 5203 munere
2228 5146 2382 5217 apud
2417 5146 2673 5204 Car-olum
2700 5148 2753 5203 II
2787 5148 2922 5218 imp.
2957 5145 3319 5219 fungebatur,
3356 5145 3592 5201 Iohan-

925 5248 1068 5290 nem
1092 5233 1228 5289 VIII
1263 5231 1560 5306 epistolam
1594 5233 1895 5308 scripsisse,
1930 5234 1981 5290 J.
2015 5235 2170 5292 2276.
2206 5234 2301 5290 JE.
2337 5234 2490 5292 3047.
