4055 6069
1850 424 2033 482 Trevi.
3266 433 3386 493 145

494 617 553 660 a.
602 600 766 662 1116
820 602 983 684 sept.
1024 601 1107 662 24
1159 599 1228 661 in
1276 597 1564 685 Regesto
1633 597 2007 664 Sublacensi
2079 598 2181 666 ed.
2227 599 2453 665 Allodi
2518 621 2554 665 e
2620 601 2781 666 Levi
2835 623 2896 686 p.
2944 605 3068 666 250
3115 623 3174 666 n.
3209 601 3384 686 212).

494 699 580 765 Et
624 702 689 765 in
733 703 984 786 signum
1028 703 1225 768 initae
1270 702 1438 768 inter
1483 724 1594 768 eos
1650 704 1827 787 pacis
1886 702 2086 768 abbas
2133 702 2540 770 Sublacensis
2585 712 2653 770 et
2696 705 2980 770 seniores
3024 705 3386 771 Trebenses

493 804 766 869 invicem
810 805 1138 871 fidelitatis
1168 806 1527 871 iuramenta
1572 804 1690 869 sibi
1723 805 2203 891 spoponderunt
2248 805 2497 892 (Allodi
2538 830 2574 873 e
2602 809 2764 873 Levi
2809 831 2871 894 p.
2905 811 3006 874 87.
3043 812 3124 873 88
3157 831 3218 873 n.
3252 809 3383 895 47).

492 908 585 972 At
638 913 1107 977 controversiae
1164 911 1330 974 inter
1386 909 1747 975 Trebenses
1810 915 1877 974 et
1937 909 2362 977 Sublacenses
2425 911 2823 998 temporibus
2875 912 3236 978 Alexandri
3282 912 3388 977 111

497 1022 843 1080 renovatae
889 1022 1053 1079 sunt.

708 1204 1131 1291 Documenta,
1166 1226 1332 1292 quae
1353 1212 1722 1291 sequuntur,
1757 1227 1840 1272 ex
1866 1205 2124 1271 archivo
2156 1208 2531 1273 monasterii
2552 1205 2958 1274 Sublacensis
2981 1209 3386 1293 sumpsimus.

497 1396 576 1459 *1
2814 1399 3303 1483 (1099—1109)

497 1499 899 1566 Paschalis
943 1499 1014 1564 H
1059 1500 1489 1566 Trebensibus
1534 1501 1755 1566 scribit
1785 1501 2290 1584 comminatorie,
2335 1508 2406 1565 ut
2437 1509 2715 1567 castrum
2747 1500 3014 1567 Gennae
3060 1523 3177 1587 per
3205 1503 3389 1568 nefas

499 1611 880 1689 occupatum
924 1605 1198 1671 Iohanni
1243 1604 1462 1672 abbati
1494 1605 1869 1670 Sublacensi
1898 1605 2174 1670 liberum
2218 1607 2578 1691 restituant,
2623 1608 2744 1671 nisi
2773 1607 2973 1671 velint
3003 1614 3389 1693 aggravatas

497 1715 718 1774 contra
772 1730 840 1774 se
886 1709 1273 1793 apostolicas
1327 1709 1605 1793 experiri
1661 1730 1915 1783 manus;
1975 1711 2027 1771 si
2075 1708 2225 1793 quid
2286 1730 2437 1774 vero
2492 1710 2645 1774 iuris
2699 1715 2919 1775 contra
2972 1709 3277 1777 abbatem
3323 1713 3389 1775 in

498 1812 736 1898 oppido
769 1810 1035 1877 Gennae
1081 1811 1320 1877 habere
1369 1833 1439 1877 se
1484 1819 1729 1897 putent,
1776 1814 1842 1876 in
1887 1814 2062 1877 curia
2096 1813 2389 1897 Romana
2436 1813 2762 1898 explicent
2806 1821 2999 1902 atque
3046 1815 3301 1880 interim
3350 1835 3389 1878 a

497 1916 945 1982 molestatione
991 1914 1291 1982 abbatiae
1338 1918 1591 2001 penitus
1636 1915 2017 1982 abstineant.

875 2046 927 2084 v.
965 2025 1222 2094 Subiaco,
1260 2027 1406 2082 Mon.
1443 2045 1486 2083 s.
1509 2026 1804 2107 Benedicti
1840 2030 1899 2083 et
1934 2047 1975 2083 s.
2002 2029 2385 2085 Scholasticae
2422 2049 2473 2085 n.
2498 2029 2583 2084 36.
2610 2060 2676 2070 -
2701 2028 3028 2100 Repetimns
3063 2030 3244 2086 Mirtii
3280 2031 3386 2100 (ed.

703 2113 893 2169 Allodi
927 2131 982 2185 p.
1009 2114 1133 2181 213)
1171 2115 1359 2179 verba,
1397 2113 1496 2183 qui
1532 2114 1766 2171 fortasse
1802 2114 1980 2185 ipsius
2016 2115 2307 2171 Paschalis
2344 2116 2397 2170 11
2433 2115 2676 2187 epistola
2713 2134 2844 2171 usus
2881 2115 3005 2172 fuit.

499 2293 582 2353 *2
2490 2292 2691 2375 (1159
2735 2314 2829 2357 ex.
2855 2330 2939 2340 —
2964 2295 3135 2357 1160
3179 2294 3302 2377 in.)

498 2397 944 2463 Alexander
986 2396 1092 2460 III
1136 2395 1470 2461 Bernardo
1516 2395 1858 2490 Portuen.,
1906 2396 2180 2462 Iohanni
2226 2397 2484 2483 Segnin.
2546 2403 2615 2461 et
2673 2396 3017 2462 Nauclerio
3065 2398 3385 2483 Anagnin.

497 2523 641 2588 epp.
706 2501 1047 2566 committit
1117 2521 1376 2565 causam
1433 2501 1600 2566 inter
1664 2499 1989 2566 Simonem
2060 2500 2362 2566 abbatem
2433 2499 2892 2568 Sublacensem
2961 2507 3029 2566 et
3097 2499 3390 2566 dominos

499 2604 861 2670 Trebenses
906 2624 1100 2688 super
1142 2603 1577 2670 iurisdictione
1624 2603 1823 2668 Collis
1868 2604 2070 2688 altuli,
2118 2601 2386 2669 Gennae
2434 2611 2500 2669 et
2542 2604 2781 2670 Montis
2825 2605 3134 2670 Porcarii.

880 2733 929 2769 v.
967 2713 1226 2779 Subisco,
1262 2714 1408 2769 Mon.
1446 2733 1486 2769 s,
1517 2713 1804 2770 Benedicti
1841 2717 1901 2769 et
1935 2733 1976 2769 s.
1998 2714 2381 2770 Scholasticae
2416 2732 2469 2770 n.
2493 2716 2579 2769 45.

501 2873 581 2936 *3
2490 2871 2692 2951 (1159
2735 2892 2830 2935 ex.
2857 2907 2941 2916 —
2968 2874 3136 2934 1160
3181 2872 3302 2950 in.)

502 2978 581 3043 In
625 2977 990 3064 praesentia
1036 2974 1461 3042 Alexandri
1506 2974 1629 3060 111,
1678 2975 2104 3041 assidentibus
2150 2973 2269 3040 sibi
2309 2974 2566 3041 Ubaldo
2614 2974 2909 3041 Hostien.
2945 2996 3068 3061 ep.‚
3116 2974 3387 3042 Alberto

504 3080 715 3166 presb.
789 3080 960 3146 card.
1026 3081 1120 3144 tit.
1180 3103 1229 3143 s.
1270 3080 1603 3145 Laurentii
1669 3081 1735 3143 in
1795 3080 2070 3163 Lucina,
2140 3079 2388 3144 Iacinto
2458 3078 2618 3143 diac.
2680 3079 2851 3143 card.
2921 3101 2968 3143 s.
3015 3079 3260 3144 Mariae
3323 3081 3387 3142 in

504 3185 871 3270 Oosmydin,
917 3185 1039 3249 hoc
1084 3183 1417 3248 arbitrium
1464 3183 1573 3266 (cf.
1618 3206 1681 3248 n.
1712 3185 1786 3265 2)
1832 3184 2250 3249 collaudatur.

883 3314 931 3351 v.
967 3294 1222 3361 Subiaco‚
1263 3294 1411 3350 Mon.
1450 3313 1491 3348 s.
1518 3293 1810 3350 Benedicti
1848 3298 1907 3351 et
1943 3313 1984 3349 s.
2010 3294 2393 3351 Scholasticae
2430 3313 2485 3350 n.
2510 3296 2595 3350 46.

505 3417 585 3481 *4
2795 3421 2994 3500 (1161
3039 3423 3153 3483 oct.
3183 3418 3300 3501 25)

500 3521 600 3587 De
648 3520 953 3587 mandato
997 3520 1428 3587 Alexandri
1472 3521 1578 3585 III
1635 3524 1971 3588 conventio
2031 3531 2098 3587 et
2154 3522 2509 3587 amicabilis
2555 3523 2934 3607 compositio
2983 3523 3176 3586 initur
3217 3523 3387 3587 inter

501 3624 827 3690 Simonem
861 3623 1162 3689 abbatem
1209 3629 1276 3688 et
1304 3624 1653 3690 Beraldum
1686 3647 2068 3711 yconomum
2099 3627 2473 3691 monasterii
2503 3625 2842 3693 Sublacen.
2889 3647 2971 3690 ex
3017 3646 3143 3690 una
3188 3632 3384 3710 atque

499 3728 855 3794 Iohannem
899 3728 1210 3794 sindicum
1258 3729 1688 3794 universitatis
1734 3730 1815 3794 de
1862 3729 2091 3794 Trebis
2137 3750 2222 3794 ex
2265 3728 2471 3794 altera
2514 3737 2720 3814 parte.

878 3858 928 3894 v.
968 3840 1223 3910 Subiaco,
1259 3841 1405 3897 Mon.
1444 3860 1483 3894 s.
1510 3839 1803 3897 Benedicti
1840 3844 1899 3896 et
1934 3858 1975 3895 s.
2004 3839 2390 3896 Scholasticae
2426 3858 2480 3894 n.
2506 3841 2589 3895 47.

597 5290 632 5332 x
648 5290 773 5345 our,
803 5290 932 5335 xuni·
955 5293 1183 5346 pontificis
1206 5294 1264 5336 11.
3010 5275 3076 5329 1⁰
