4055 6069
1729 1298 2497 1419 ALATRI

1646 1476 2080 1562 (Alatrium.
2148 1477 2583 1562 Aletrium)

877 1753 1160 1826 Ughelli
1205 1758 1219 1789 ¹
1248 1754 1274 1807 Ι
1311 1753 1413 1810 328
1432 1770 1538 1821 sq.;
1578 1755 1599 1786 ¹
1626 1753 1652 1806 I
1685 1752 1884 1822 288sq.
1941 1784 2004 1793 —
2058 1751 2115 1808 C.
2144 1752 2427 1809 Orlandi
2463 1753 2629 1809 Brevi
2664 1752 2874 1810 notizie
2909 1752 3130 1808 intorno
3168 1752 3285 1808 alla
3320 1752 3465 1809 citta
3499 1753 3558 1807 di

670 1840 857 1897 Alatri
895 1849 955 1905 (s.
981 1842 1016 1895 1.
1052 1844 1113 1896 et
1147 1843 1238 1910 a.).
1295 1871 1358 1880 --
1413 1838 1477 1895 G.
1515 1839 1804 1895 Niceolo
1848 1838 2036 1895 Storia
2072 1839 2130 1894 di
2165 1838 2218 1894 S.
2246 1839 2393 1895 Sisto
2429 1842 2742 1910 protettore
2777 1838 2835 1894 di
2875 1840 3060 1895 Alatri
3097 1841 3158 1907 (s.
3195 1857 3247 1895 a.
3281 1843 3342 1896 et
3375 1840 3453 1906 L).
3494 1871 3557 1880 —

673 1926 1016 1984 Narrazione
1065 1927 1217 1984 della
1253 1926 1585 1982 traslazione
1622 1926 1681 1981 di
1714 1925 1766 1982 S.
1797 1926 1948 1983 Sisto
1983 1927 2009 1981 I
2046 1944 2201 1997 papa
2247 1944 2280 1983 e
2315 1926 2547 1983 martire
2592 1927 2665 1982 da
2698 1925 2878 1982 Roma
2912 1926 3067 1983 nella
3102 1925 3247 1982 cit-ta
3281 1925 3339 1980 di
3376 1926 3562 1982 Matri

673 2012 918 2085 (Anagni
972 2013 1146 2080 1703).
1198 2045 1264 2053 —
1318 2014 1629 2070 Mai-occo
1682 2012 2029 2069 Monumenti
2083 2012 2162 2068 IV
2219 2014 2314 2070 101
2348 2031 2430 2082 sq.
2486 2044 2548 2055 -
2604 2012 3052 2084 Cappelletti
3108 2012 3187 2067 VI
3239 2013 3442 2083 4532sp
3496 2044 3562 2053 —

674 2100 942 2157 Moroni
991 2099 1309 2157 Dizionario
1344 2099 1560 2155 XXVII
1594 2102 1698 2157 269
1718 2119 1800 2170 sq.
1859 2132 1922 2141 -
1979 2100 2041 2156 L.
2067 2099 2146 2156 De
2181 2099 2445 2155 Persiis
2490 2099 2594 2155 Del
2630 2098 2960 2170 pontificato
2998 2099 3053 2154 di
3092 2098 3147 2155 S.
3172 2098 3321 2155 Sisto
3347 2100 3373 2154 1
3411 2116 3563 2170 papa

675 2206 705 2245 e
739 2188 973 2244 martire
1008 2187 1215 2255 (Alatri
1253 2187 1428 2256 1884).

1658 2376 2132 2462 Episcopatus
2181 2376 2581 2444 Aluti-inus.

889 2536 1220 2602 Alatrinus
1266 2537 1637 2621 episcopua,
1682 2543 1755 2601 ut
1799 2536 1999 2600 ceteri
2046 2534 2472 2620 Campaniae,
2518 2533 2813 2601 Romano
2860 2533 3146 2619 pontifici
3189 2533 3562 2599 immediate

676 2639 998 2706 subiectus
1066 2648 1179 2706 est.
1294 2639 1413 2705 Oui
1481 2640 1706 2706 debuit
1778 2640 2158 2724 „episcopus
2222 2639 2363 2723 ipse
2425 2637 2533 2703 CO
2611 2638 2910 2704 scutellas
2991 2644 3058 2704 et
3122 2636 3244 2702 LX
3301 2637 3564 2702 brachia

675 2743 910 2829 panni“
961 2743 1209 2830 (Oencii
1252 2743 1395 2809 Lib.
1442 2765 1610 2810 cens.
1660 2742 1722 2819 S.
1754 2743 1833 2807 R.
1866 2742 1942 2808 Ε.
1993 2742 2094 2806 ed.
2139 2741 2757 2807 Fabre-Duchesne
2802 2742 2836 2804 I
2887 2741 3012 2826 13).

892 2934 994 2998 Ex
1052 2935 1326 2999 archivis
1370 2934 1680 3000 Aiatrinis
1722 2954 1919 2998 unum
1982 2932 2296 2998 ecclesiae
2342 2931 2729 2997 cathedralis
2774 2953 2821 2997 s.
2861 2932 3050 2997 Pauli
3104 2931 3568 3018 antiquioribus

681 3040 1080 3105 documentis
1109 3039 1494 3124 praefulget,
1542 3040 1708 3105 inter
1753 3060 1918 3124 quae
1967 3038 2191 3134 charta
2234 3039 2364 3103 iam
2395 3058 2456 3101 a.
2489 3039 2613 3103 933
2661 3036 2831 3102 data.
2923 3036 3152 3102 Plures
3197 3058 3367 3103 saec.
3397 3036 3568 3103 XIII

679 3141 888 3209 bullas
929 3141 1219 3227 vulgavit
1260 3143 1562 3208 Liverani
1605 3143 1672 3206 in
1702 3141 2052 3228 spicilegio
2080 3141 2428 3207 Liberiano
2461 3139 2856 3225 (Florentiae
2885 3140 3098 3227 1863).
3165 3139 3568 3206 Documenta

682 3245 1002 3332 quaedam
1045 3247 1114 3312 in
1157 3246 1414 3312 archivo
1461 3245 1747 3311 familiae
1794 3245 2102 3311 Antonini
2145 3244 2583 3310 adservantur.

893 3350 994 3415 De
1042 3350 1316 3416 archivis
1359 3350 1440 3414 cf.
1487 3349 1854 3415 Bethmann
1897 3351 1963 3414 in
2006 3348 2251 3414 Archiv
2293 3347 2429 3413 XII
2476 3350 2631 3427 484;
2678 3369 2736 3412 v.
2769 3348 3392 3435 Pflugk-Harttung
3436 3349 3572 3414 Iter

681 3476 743 3539 p.
784 3461 845 3532 1;
892 3452 1068 3519 Gott.
1117 3452 1351 3519 Nachr.
1405 3457 1569 3519 1900
1614 3474 1677 3537 p.
1711 3456 1855 3518 301.

888 3628 940 3681 Δ
992 3649 1057 3672 =
1096 3624 1246 3698 Orig.
1283 3624 1472 3681 Alatri
1506 3625 1673 3680 Arch.
1711 3624 2042 3695 capitolare.

683 3748 765 3812 *1
3243 3743 3458 3809 1074?

685 3852 1112 3940 Gregorius
1156 3851 1289 3918 VII
1335 3852 1745 3918 commendat
1788 3851 2002 3917 Adam
2051 3851 2354 3936 episcopo
2402 3848 2742 3916 ecclesiam
2789 3750 3245 3914 Verulanam.(
3451 3748 3487 3823 )

894 3963 1078 4018 Laud.
1114 3964 1176 4017 in
1211 3962 1399 4018 charta
1431 3981 1483 4018 a.
1509 3971 1631 4020 1114
1662 3979 1781 4018 nov.
1804 3972 1837 4018 6
1869 3965 1940 4031 (v.
1967 3961 2163 4029 Veroli,
2198 3961 2378 4031 Epioe.
2417 3979 2471 4016 n.
2504 3962 2568 4031 7).
2606 3993 2672 4002 —
2710 3959 2841 4030 Req.
2879 3959 2985 4015 JL.
3025 3991 3107 4015 —.

686 4086 769 4152 *2
3082 4084 3487 4165 (1130—43)

685 4191 1202 4256 Innocentius
1227 4190 1299 4254 11
1346 4187 1777 4275 O(rescentio)
1810 4209 1935 4274 ep„
1980 4209 2096 4273 pro
2145 4208 2222 4253 eo
2256 4187 2429 4273 quod
2476 4208 2545 4252 se
2592 4190 2654 4253 in
2686 4193 2937 4273 partem
2980 4184 3097 4250 filii
3125 4186 3308 4251 Petri
3336 4186 3575 4250 Leonis

687 4293 1016 4380 (Anac-leti
1058 4293 1168 4377 II)
1211 4295 1384 4359 visus
1430 4299 1531 4358 est
1581 4292 1978 4359 transtulisse
1996 4344 2013 4378 ,
2073 4291 2410 4358 ecclesiam
2473 4314 2521 4356 s.
2563 4290 3049 4357 Bai-tholomaei
3106 4287 3219 4375 (de
3266 4288 3575 4374 Trisulto)

690 4397 774 4464 ad
820 4404 1073 4483 tempus
1118 4397 1364 4483 adimit,
1411 4418 1557 4462 eam
1605 4395 1721 4461 sub
1767 4417 1977 4461 annuo
2026 4416 2222 4461 censu
2266 4395 2349 4461 ad
2392 4416 2653 4461 manum
2700 4416 2882 4460 suam
2927 4395 3227 4461 retinens.

895 4507 1075 4563 Laud.
1111 4509 1176 4563 in
1208 4526 1265 4564 n.
1289 4515 1337 4564 3.
1376 4539 1441 4548 -
1480 4508 1612 4578 Ray.
1650 4506 1926 4579 Pfluka.
1964 4507 2078 4562 Ber
2108 4523 2163 4576 p.
2189 4511 2289 4563 230
2322 4523 2378 4564 n.
2405 4513 2519 4563 366.
2574 4505 2690 4562 JL.
2727 4536 2810 4561 -.

687 4670 731 4731 3
952 4648 957 4654 ’
2490 4662 2737 4729 viterbo
2779 4660 3185 4747 (1155—58)
3228 4682 3373 4744 auq.
3404 4660 3491 4724 26

688 4769 1131 4836 Hadrianus
1174 4771 1273 4837 IV
1315 4770 1391 4835 B.
1426 4769 1645 4836 abbati
1676 4775 1743 4836 et
1771 4770 2066 4834 universo
2100 4770 2440 4834 conventui
2479 4790 2530 4832 s.
2560 4766 3045 4833 Bai-tholomaei
3091 4764 3203 4851 (de
3236 4764 3576 4849 Trisulto):

689 4875 982 4960 mandat,
1045 4881 1360 4961 quatenus
1413 4874 1796 4961 A(denulfo)
1844 4895 1945 4960 ep.
1965 4926 1981 4959 ,
2043 4876 2146 4938 cui
2192 4874 2528 4941 ecclesiam
2585 4895 2633 4938 s.
2678 4871 3190 4951 Bal-tholomaei,
3247 4868 3329 4934 ab
3383 4868 3578 4965 Innoj·

691 4981 901 5045 centio
935 4980 1007 5044 11
1037 4981 1131 5064 (n.
1162 4982 1235 5064 2)
1266 4978 1696 5065 C(rescentio)
1728 5001 1829 5064 ep.
1862 4978 2257 5064 ademptam,
2289 4977 2406 5043 sub
2438 4998 2647 5043 annuo
2680 4997 2875 5041 censu
2904 4975 3204 5057 restituit,
3248 4962 3576 5058 tamquam

691 5084 951 5169 proprio
1005 5086 1248 5169 pastori
1305 5090 1373 5149 et
1433 5084 1666 5150 rectori
1719 5083 2077 5147 animarum
2140 5081 2425 5146 debitam
2484 5079 2961 5145 oboedientiam
3028 5084 3097 5144 et
3149 5077 3578 5143 reverentiam

690 5187 1086 5273 impendant.
1134 5227 1217 5235 -—
1265 5188 1681 5274 Apostolicae
1727 5186 1900 5253 sedis
1946 5193 2270 5251 consueta.
2361 5184 2510 5250 Dat.
2544 5183 2796 5249 Viterbi
2845 5190 2880 5249 7
2913 5184 3044 5249 kal.
3091 5190 3253 5267 sept.
