4055 6069
958 504 1110 561 Eccl.
1148 503 1453 578 collegiata
1486 524 1529 562 s.
1554 505 1766 562 Mariae
1807 536 1865 549 -
1905 505 2051 563 Mon.
2089 526 2130 561 s.
2151 506 2425 579 Stephani
2461 513 2521 566 et
2552 529 2596 565 s.
2624 509 2930 567 Valentini.
3264 515 3385 578 199

716 679 916 745 Aliud
961 681 1420 745 monasterium
1465 681 1656 746 valde
1703 682 2065 767 antiquum,
2120 682 2297 747 haud
2350 683 2542 770 longe
2596 706 2636 748 a
2681 684 3072 752 Tuscanensi
3127 687 3385 752 civitate

502 785 714 867 situm,
761 806 809 846 s.
843 782 1123 849 Sabino
1185 783 1552 849 dedicatum
1613 785 1750 850 fuit.
1851 785 2006 850 Eius
2062 784 2281 851 abbati
2344 786 2604 852 Oddoni
2658 788 2813 854 Otto
2860 789 2893 853 I
2950 791 3103 877 imp.
3159 814 3217 856 a.
3258 792 3385 858 969

502 886 887 953 mundburdi
932 895 1349 973 praeceptum
1396 890 1729 973 concessit,
1779 888 1951 974 quod
1995 889 2061 953 in
2107 889 2493 955 chartulario
2539 895 2911 958 monasterii
2950 894 3404 962 cluniacensis

503 991 567 1054 in
612 989 830 1056 Gallia
872 991 1148 1077 legimus
1193 991 1393 1077 (Mon.
1441 990 1659 1058 Germ.
1708 993 1882 1078 Dipl.
1928 993 1964 1056 I
2009 998 2134 1060 516
2180 1015 2240 1057 n.
2276 993 2450 1080 376).
2539 995 2879 1062 Nescimus
2909 1019 3083 1082 sane,
3130 1000 3385 1086 quando

502 1094 623 1160 hoc
665 1118 714 1161 s.
759 1095 980 1160 Sabini
1022 1098 1481 1162 monasterium
1527 1096 1609 1162 ad
1650 1096 2108 1162 cluniacenses
2152 1100 2374 1165 evasit.
2442 1099 2707 1165 Eisdem
2746 1109 2920 1166 certe
2953 1102 3252 1169 Clemens
3282 1102 3387 1167 ΠΙ

504 1201 865 1285 cappellam
910 1202 977 1264 in
1022 1200 1415 1266 Tuscanensi
1460 1202 1717 1266 civitate
1736 1250 1752 1283 ,
1816 1223 1855 1266 a
1899 1200 2189 1266 Iohanne
2246 1224 2346 1286 ep.
2395 1203 2750 1270 Tuscanen.
2798 1225 3187 1291 concessam,
3233 1226 3384 1271 con-

501 1304 779 1370 firmavit
822 1304 970 1390 (JL.
1025 1303 1280 1390 16569).

716 1438 1066 1526 Archivum
1114 1484 1162 1526 s.
1195 1459 1357 1526 Iusti
1403 1462 1735 1528 etiamtum
1782 1483 1839 1526 a.
1894 1465 2055 1527 1222
2104 1461 2401 1529 exstabat
2445 1463 2829 1547 Tuscaniae,
2874 1471 2947 1529 ut
2988 1472 3261 1551 apparet
3304 1487 3388 1531 ex

502 1562 777 1628 Honorii
822 1565 929 1628 III
970 1566 1312 1650 rescripto,
1361 1587 1486 1650 quo
1532 1567 1731 1651 priori
1775 1588 1823 1629 s.
1855 1565 2102 1631 Mariae
2149 1572 2216 1631 et
2259 1567 2634 1653 presbytero
2681 1567 3020 1647 SeverinO,
3081 1569 3385 1634 canonico

504 1688 551 1729 s.
583 1665 765 1732 Petri
795 1669 1174 1754 Tuscanen.,
1217 1671 1570 1754 praecepit,
1616 1676 1686 1734 ut
1730 1671 2151 1735 instrumenta
2180 1677 2433 1736 vetusta
2471 1673 2861 1756 monasterii,
2907 1694 2987 1737 ne
3021 1672 3390 1758 deperirent

503 1773 702 1837 nimia
748 1779 1067 1839 vetustate
1114 1780 1511 1858 consumpta,
1558 1773 1847 1839 facerent
1890 1796 2009 1859 per
2050 1796 2312 1839 manum
2358 1774 2720 1841 tabellionis
2765 1777 3121 1862 exemplari
3172 1776 3386 1862 (Pott-

502 1876 649 1941 hast
676 1877 844 1961 Reg.
881 1883 958 1942 77
965 1882 1079 1955 65;
1110 1876 1427 1942 Pressutti
1460 1877 1624 1964 Reg.
1657 1876 1933 1942 Honorii
1963 1878 2067 1942 111
2099 1885 2141 1943 t.
2174 1879 2244 1942 H
2277 1882 2357 1944 32
2397 1902 2457 1943 n.
2494 1878 2711 1966 3730).
2787 1880 3029 1945 Postea
3060 1879 3386 1945 archivum

504 1980 881 2045 translatum
939 2001 1081 2046 esse
1141 1979 1396 2045 videtur
1451 1981 1729 2046 Romam
1784 1980 1870 2046 ad
1923 1984 2382 2048 monasterium
2444 2005 2493 2047 s.
2533 1983 2889 2068 Anastasii,
2957 1982 3130 2069 quod
3196 1988 3389 2068 caput

501 2083 640 2167 fuit,
685 2091 759 2149 ut
802 2085 1100 2169 diximus,
1146 2083 1465 2150 abbatiae.

715 2239 763 2293 G
808 2261 872 2285 ---
910 2238 1077 2295 Liber
1112 2238 1478 2310 perantiquus
1514 2238 1939 2311 privilegiorum
1974 2236 2095 2296 sive
2121 2240 2250 2296 Iura
2285 2258 2427 2297 mou.
2453 2258 2496 2296 s.
2515 2240 2820 2308 Anastasii,
2856 2259 3002 2297 nunc
3026 2241 3388 2297 desideratur.

709 2324 762 2379 L
813 2348 878 2372 -·--·
917 2326 1029 2380 Fel.
1056 2325 1337 2382 Contelori
1365 2325 1680 2382 Cameralia
1708 2325 1814 2380 vol.
1836 2327 1888 2393 S,
1925 2344 1965 2380 s.
1993 2326 2170 2391 XVII,
2209 2328 2386 2382 Roma
2422 2327 2588 2383 Arch.
2608 2327 2739 2383 Vat.
2763 2327 2912 2382 Arm.
2937 2327 3202 2382 XXXVII
3237 2329 3281 2382 t.
3307 2327 3390 2382 17.

712 2412 787 2465 Μ
815 2436 879 2458 =
917 2413 975 2467 F.
1014 2412 1297 2468 Contelori
1325 2412 1518 2468 Bullae
1544 2415 1603 2468 et
1629 2411 1824 2468 brevia
1848 2412 2156 2468 Alexandri
2182 2414 2279 2479 111,
2318 2432 2361 2469 s.
2386 2414 2564 2480 XVII,
2601 2414 2679 2470 ib.
2715 2413 2871 2470 Misc.
2898 2414 3046 2468 Arm.
3071 2414 3177 2469 VII
3203 2416 3244 2469 t.
3276 2413 3388 2469 127.

708 2497 763 2550 P
816 2521 879 2543 =
916 2497 1193 2570 Onuphrii
1230 2498 1497 2555 Panvinii
1530 2499 1794 2566 Schedae,
1829 2516 1872 2553 s.
1897 2498 2046 2563 XVI,
2082 2499 2159 2555 ib.
2184 2499 2339 2555 Misc.
2359 2501 2526 2555 Arm.
2564 2499 2644 2555 XI
2678 2503 2721 2556 t.
2747 2501 2831 2557 34.

713 2584 761 2654 Q
814 2607 878 2629 -—-
915 2584 1120 2657 Angeli
1156 2585 1469 2641 Massarelli
1507 2585 1869 2642 Miscellanea
1905 2586 2015 2641 vol.
2041 2585 2083 2654 Ι,
2119 2604 2160 2640 s.
2186 2586 2333 2652 XVI,
2371 2587 2482 2642 San
2518 2586 2780 2643 Severino
2815 2586 2963 2643 Bibl.
3001 2586 3309 2644 comunale.

718 2726 799 2790 cf.
855 2727 1099 2811 Roma,
1167 2726 1340 2791 Mon.
1409 2749 1491 2791 ss.
1534 2727 1859 2793 Vincentii
1923 2734 1990 2791 et
2042 2727 2369 2792 Anastasii
2425 2727 2508 2793 ad
2559 2727 2789 2813 Aquas
2848 2728 3098 2793 Salvias
3157 2726 3308 2814 (vol.
3356 2726 3389 2790 I

503 2851 566 2914 p.
606 2834 725 2895 170
751 2828 899 2915 sq.).

503 2967 581 3030 *1
2901 2968 3304 3053 (1144-45)

501 3074 800 3140 Lucius
845 3075 915 3139 II
967 3075 1263 3141 concedit
1305 3076 1709 3163 privilegium
1755 3076 2191 3162 protectionis.

710 3176 893 3256 Laud.
929 3178 993 3230 in
1025 3195 1082 3233 n.
1111 3185 1159 3234 2.
1195 3208 1263 3218 -
1304 3179 1428 3250 Ray.
1464 3178 1571 3234 JL.
1607 3207 1690 3233 -·-.
3176 3247 3187 3260 ι

502 3248 548 3310 2
2456 3247 2780 3313 Laterano
2827 3249 2996 3311 1178
3038 3246 3227 3328 aprzl.
3259 3247 3304 3309 2

502 3351 962 3417 Alexander
1006 3352 1112 3417 ΠΙ
1170 3353 1427 3419 Donato
1486 3352 1705 3419 abbati
1749 3360 1904 3420 etc.:
1962 3374 2133 3418 mon.
2180 3375 2229 3416 s.
2263 3353 2422 3418 Iusti
2466 3372 2670 3437 prope
2717 3352 3190 3416 Tuscanensem
3236 3352 3388 3416 civi-

505 3459 705 3520 tatem
752 3455 836 3520 ad
882 3456 1217 3541 exemplar
1260 3457 1444 3521 Lucii
1489 3457 1581 3536 (n.
1615 3457 1685 3539 1)
1744 3455 1860 3520 sub
1917 3462 2123 3540 apost.
2170 3455 2569 3540 protectione
2617 3455 2882 3539 suscipit
2935 3461 3004 3519 et
3056 3454 3392 3519 confirmat

504 3557 970 3624 institutionem
1027 3558 1551 3624 cisterciensium
1608 3558 1875 3624 fratrum
1937 3564 2004 3623 et
2058 3558 2496 3643 possessiones
2562 3559 2835 3643 propriis
2888 3557 3215 3623 vocabulis
3272 3579 3387 3623 ex-

505 3686 779 3749 pressas.
812 3703 895 3712 —
935 3663 1335 3750 Religiosam
1365 3665 1562 3727 vitam
1596 3661 2000 3749 eligentibus.
2077 3662 2217 3747 Ego
2253 3661 2630 3729 Alexander
2660 3668 2780 3727 etc.
2858 3661 3110 3727 Subscr.
3145 3663 3183 3726 8
3215 3661 3387 3726 card.

504 3767 654 3833 Dat.
701 3768 843 3835 Lat.
892 3791 954 3853 p.
987 3789 1069 3831 m.
1144 3766 1396 3832 Alberti
1428 3766 1492 3831 S.
1523 3766 1604 3832 R.
1637 3766 1711 3831 Ε.
1758 3766 1969 3852 presb.
2013 3766 2187 3832 card.
2236 3772 2302 3832 et
2346 3786 2544 3849 canc„
2591 3771 2628 3829 4
2661 3786 2806 3830 non.
2854 3766 3061 3850 april„
3106 3763 3234 3891 ind.
3289 3768 3386 3846 11,

504 3873 626 3938 inc.
674 3871 732 3937 d.
782 3893 840 3936 a.
893 3873 1086 3956 1178,
1140 3878 1316 3956 pont.
1363 3892 1421 3935 v.
1471 3870 1533 3941 d.
1578 3870 1938 3936 Alexandri
1982 3892 2089 3957 pp.
2136 3870 2241 3935 111
2284 3892 2342 3935 a.
2383 3872 2479 3934 19.

709 3973 915 4044 [G=]
961 3972 1111 4041 Lp.
1152 3978 1236 4028 30.
1300 3973 1540 4028 MEaec.
1609 3973 2003 4042 Pfissssaec.
2076 3972 2308 4041 ῼῙῖ32
2348 3972 2483 4027 Eme.
2537 4001 2605 4011 -
2659 3969 2765 4025 Ed.
2819 3969 2957 4025 Gan.
3008 3969 3212 4024 Nachr.
3256 3974 3389 4025 1898

504 4077 559 4130 p.
583 4069 673 4115 511
707 4077 763 4115 n.
788 4067 820 4114 6
854 4076 919 4114 ex
956 4059 1029 4128 Q,-
1063 4067 1192 4114 1907
1224 4075 1289 4115 ex
1324 4060 1375 4113 L
1350 4089 1390 4115 A·
1429 4090 1494 4100 -
1533 4059 1699 4131 Reyq.
1737 4059 2007 4129 Pfluqkfl.
2046 4059 2164 4114 Iter
2188 4076 2246 4128 p.
2271 4064 2374 4115 283
2407 4075 2463 4113 n.
2491 4066 2594 4114 680
2627 4073 2694 4112 ex
2729 4055 2796 4111 L.
2846 4056 2959 4113 JL.
2996 4062 3233 4112 1303811.

750 4286 1264 4355 nonasterium
1309 4303 1368 4353 8.
1400 4284 1745 4371 Stephani
1790 4288 1867 4354 et
1910 4302 1969 4353 s.
2001 4285 2366 4353 ValentIni
2408 4285 2486 4352 in
2532 4284 2771 4351 Insula
2813 4283 3159 4351 Martana.

721 4426 798 4491 In
842 4428 1050 4492 insula
1092 4427 1388 4491 Martana
1438 4427 1503 4490 in
1559 4426 1704 4490 lacu
1749 4425 2139 4491 Volsiniensi
2193 4427 2326 4490 sive
2380 4447 2429 4489 s.
2463 4423 2823 4489 Ohristinae
2879 4422 3178 4488 exstabat
3235 4423 3404 4488 olim·

506 4532 961 4596 monasterinm
1007 4552 1055 4593 s.
1091 4528 1421 4613 Stephani,
1469 4528 1642 4615 quod
1686 4531 1814 4593 iam
1859 4534 2253 4594 memoratur
2295 4528 2361 4592 in
2403 4528 2641 4593 Leonis
2670 4527 2768 4592 IV
2812 4526 3148 4611 privilegio
3194 4525 3385 4591 Viro-

506 4633 673 4699 bono
734 4655 836 4719 ep.
884 4633 1275 4697 Tuscanensi
1330 4653 1632 4697 concesso
1691 4631 1837 4717 (JE.
1889 4633 2105 4716 2655).
2210 4632 2388 4696 Tunc
2454 4630 2537 4697 ad
2602 4651 2892 4696 mensam
2953 4628 3385 4715 episcopalem

509 4737 982 4803 Tuscanensem
1026 4738 1350 4821 pertinuit.
1441 4737 1680 4802 Postea
1723 4757 1875 4801 vero
1907 4735 2274 4801 libertatem
2319 4757 2358 4800 a
2385 4736 2682 4801 Romana
2714 4733 2984 4800 ecclesia
3017 4733 3385 4817 obtinuisse,

510 4863 591 4907 ex
616 4842 836 4905 Oencii
859 4839 1054 4905 Libro
1081 4861 1383 4905 censuum
1409 4838 1472 4903 S.
1498 4839 1576 4904 R.
1602 4839 1675 4904 Ε.
1709 4838 1841 4925 (ed.
1865 4838 2456 4905 Fabre-Duchesne
2481 4840 2515 4903 I
2539 4837 2693 4924 244)
2723 4844 2923 4923 patet,
2953 4836 3062 4902 ubi
3085 4836 3381 4923 legimus:

897 4945 1013 5029 „In
1056 4945 1202 5009 lacu
1247 4951 1504 5009 sanctae
1551 4943 1935 5027 Christinae,
1982 4944 2045 5008 in
2085 4943 2293 5008 insula
2322 4944 2636 5027 Martana,
2681 4943 3138 5007 monasterium
3184 4943 3386 5006 sancti

807 5047 1117 5134 Stephani
1163 5054 1229 5112 et
1272 5049 1472 5112 sancti
1518 5047 1908 5113 Valentini“.

510 5151 641 5217 Sed
694 5174 733 5217 a
793 5173 919 5238 quo
988 5152 1291 5237 pontifice
1358 5151 1482 5217 hoc
1552 5153 1958 5238 privilegium
2026 5151 2340 5217 libertatis
2391 5157 2775 5217 'concessum
2842 5150 3065 5233 fuerit,
3129 5169 3390 5233 prorsus

506 5277 892 5344 ignoramus.
