4055 6069
1502 1412 2362 1532 ANAGNI

1723 1575 2149 1662 (Anagnia)

704 1472 713 1523 -r

1923 1735 2035 1743 A.-

695 1869 985 1945 Ughelli
1026 1870 1344 1942 ¹1345sq.;
1382 1875 1403 1906 2
1429 1871 1454 1926 1
1480 1872 1583 1930 305
1601 1891 1682 1943 sq.
1709 1903 1775 1914 —
1812 1874 1871 1930 F.
1905 1874 2445 1931 Ciammaricone
2481 1873 2781 1931 Santuario
2818 1873 3113 1946 Anagnino
3150 1874 3290 1931 dove
3329 1874 3378 1931 si

490 1961 734 2033 leggono
772 1956 1045 2014 l'historie
1082 1957 1219 2014 delli
1255 1958 1485 2031 gloriosi
1522 1960 1686 2025 santi,
1726 1960 1768 2014 li
1803 1962 1943 2017 sacri
1983 1962 2140 2032 corpi
2185 1961 2254 2017 de
2290 1960 2447 2031 quali
2492 1960 2757 2032 riposano
2803 1961 2935 2016 nell'
2950 1959 3169 2032 insigne
3230 1965 3377 2018 cate·

487 2047 642 2102 drale
703 2044 853 2102 della
905 2044 1050 2100 citta
1093 2044 1373 2115 d'Anagni
1426 2047 1512 2113 (In
1555 2045 1794 2103 velletri
1846 2049 2020 2107 1704).
2076 2078 2142 2088 -
2197 2048 2343 2104 Acta
2394 2045 2672 2117 passionis
2723 2050 2895 2117 atque
2948 2047 3378 2104 translationum

487 2152 529 2189 s.
554 2131 750 2203 Magni
785 2131 1039 2204 episcopi
1076 2131 1372 2188 Tranensis
1418 2135 1479 2187 et
1524 2132 1786 2203 martyris
1823 2174 1837 2188 .
1865 2175 1878 2188 .
1927 2134 2080 2191 notis
2132 2133 2419 2189 illustrata
2464 2134 2536 2189 ab
2574 2151 2683 2188 uno
2716 2150 2786 2189 ex
2822 2132 3070 2189 eiusdem
3108 2133 3378 2191 ecclesiae

491 2217 775 2276 canonicis
827 2217 1179 2290 [Mnangoni
1191 2218 1240 2289 ‘?]
1288 2218 1464 2287 (Aesii
1514 2219 1685 2289 1743).
1738 2249 1804 2260 -
1851 2220 2188 2277 Alessandro
2241 2220 2319 2276 De
2376 2218 2738 2290 Magistris
2792 2219 2993 2276 Istoria
3038 2220 3190 2276 della
3234 2220 3378 2277 citta

489 2324 520 2362 e
565 2305 620 2361 S.
652 2303 894 2361 basilica
941 2304 1252 2362 cattedrale
1297 2304 1576 2376 d'Anagni
1621 2306 1707 2373 (In
1747 2306 1925 2363 Roma
1965 2307 2139 2376 1749).
2194 2337 2259 2346 -
2318 2306 2371 2360 P.
2410 2306 2626 2376 Cayro
2672 2305 2927 2364 Discorso
2979 2306 3184 2363 storico
3232 2308 3379 2363 sulla

488 2391 634 2449 citta
676 2391 974 2463 d'Anagni,
1016 2392 1314 2464 metropoli
1350 2410 1426 2448 un
1471 2395 1663 2463 tempo
1707 2392 2058 2464 degl'Ernici
2111 2395 2199 2460 (In
2246 2392 2455 2463 Napoli
2495 2394 2665 2460 1802).
2723 2424 2784 2432 -
2830 2393 3144 2450 Marocco
3189 2393 3378 2449 Monu-

488 2478 662 2537 menti
686 2479 766 2534 VI
793 2479 892 2535 108
910 2497 990 2548 sq.
1017 2510 1083 2520 —
1109 2478 1649 2550 CappellettiVI
1672 2480 1770 2535 271
1798 2499 1879 2549 sq.
1913 2511 1967 2520 -
1994 2480 2260 2537 Moroni
2284 2479 2604 2536 Dizionario
2625 2481 2679 2535 11
2703 2482 2771 2536 27
2789 2499 2870 2550 sq.
2899 2510 2962 2521 —·
3000 2480 3066 2534 X.
3096 2479 3380 2536 Barbier

488 2567 578 2623 De
615 2565 975 2622 Montault
1009 2566 1089 2621 La
1134 2565 1458 2622 cathedrale
1495 2567 1794 2639 d'Anagui
1840 2566 2021 2633 (Paris
2061 2568 2233 2637 1858).
2282 2597 2339 2606 -
2383 2566 2623 2623 Camillo
2660 2567 2801 2638 Tag
2815 2566 2884 2638 gi
2922 2565 3087 2622 Della
3123 2565 3378 2621 fabbrica

488 2653 642 2710 della
678 2654 989 2711 cattedrale
1014 2652 1073 2709 di
1096 2653 1317 2725 Anagni
1343 2654 1542 2723 (Roma
1568 2655 1742 2721 1888).
1771 2685 1835 2696 —
1860 2656 1923 2711 R.
1950 2656 2256 2711 Ambrosi
2295 2656 2387 2712 De
2424 2654 2789 2727 Magistris
2825 2654 3010 2710 Storia
3035 2654 3086 2708 d'
3105 2653 3328 2726 Anagni
3353 2653 3379 2707 Ι

488 2740 692 2810 (Roma
725 2740 901 2809 1889).

1460 2930 1935 3016 Episcopatus
1980 2932 2420 3018 Anagninos.

704 3090 1025 3175 Anagnia,
1069 3091 1402 3176 antiquum
1431 3089 1859 3156 Hernicorum
1892 3098 2105 3177 caput,
2138 3093 2202 3156 in
2234 3092 2415 3157 fastis
2446 3092 2759 3157 ecclesiae
2792 3091 3024 3165 floruit,
3058 3098 3192 3155 tum
3227 3091 3377 3177 quia

490 3191 799 3259 cathedra
856 3192 1272 3278 episcopalis,
1330 3200 1467 3257 tum
1526 3194 1722 3258 etiam
1768 3195 1918 3279 quia
1974 3216 2170 3281 saepe
2224 3196 2290 3259 in
2333 3195 2443 3259 illa
2497 3194 2655 3259 urbe
2712 3194 3046 3278 pontifices
3098 3192 3377 3257 Romani

489 3295 883 3364 resederunt.
959 3295 1316 3381 Episcopus
1353 3297 1726 3364 immediate
1773 3298 2095 3364 subiectus
2139 3300 2473 3365 Romanae
2522 3298 2833 3364 ecclesiae
2877 3298 2999 3363 fuit
3043 3303 3110 3363 et
3156 3296 3378 3362 debuit

491 3403 557 3466 in
622 3422 1009 3486 unoquoque
1076 3400 1241 3466 festo
1298 3403 1728 3467 coronationis
1794 3403 2037 3468 domini
2103 3425 2314 3490 papae
2367 3404 2489 3468 LX
2550 3403 2812 3468 brachia
2877 3403 3074 3488 panni
3145 3409 3212 3467 et
3268 3401 3376 3466 CC

491 3503 796 3572 scutellas
841 3511 908 3570 et
935 3505 1065 3570 XX
1108 3505 1347 3570 solidos
1392 3505 1641 3592 (Cencii
1672 3506 1847 3571 Libr.
1881 3529 2050 3573 cens.
2085 3508 2148 3572 S.
2179 3508 2259 3572 R.
2294 3508 2369 3573 Ε.
2403 3507 2504 3573 ed.
2538 3506 3128 3572 Fabre-Duchesne
3161 3504 3194 3568 I
3246 3503 3374 3588 12).

705 3610 1037 3676 Ecclesiae
1081 3609 1470 3675 cathedralis
1514 3610 1575 3674 b.
1608 3610 1855 3676 Mariae
1900 3613 2140 3676 mentio
2195 3611 2268 3676 fit
2320 3613 2385 3675 in
2430 3611 2584 3676 Vita
2627 3611 2865 3676 Leonis
2894 3610 3013 3692 IV,
3068 3609 3177 3693 qui
3231 3629 3375 3672 eam

493 3714 739 3780 dotavit
783 3713 954 3800 (Lib.
983 3714 1213 3799 pontif.
1249 3713 1350 3779 ed.
1382 3714 1726 3779 Duchesne
1758 3714 1829 3778 II
1880 3714 2050 3801 125).
2079 3771 2091 3784 .

700 3904 803 3971 Ex
833 3904 1190 3991 Anagninis
1220 3905 1495 3970 archivis
1532 3927 1728 3970 unum
1768 3907 1985 3990 magni
2013 3907 2323 3971 momenti
2353 3904 2741 3984 habendum,
2788 3906 3115 3970 archivum
3162 3904 3373 3970 dictae

489 4011 800 4076 ecclesiae
847 4009 1255 4093 cathedralia,
1301 4010 1366 4073 in
1414 4031 1560 4095 quo,
1608 4011 1771 4074 sicut
1814 4011 2014 4074 refert
2059 4017 2281 4074 auctor
2324 4031 2677 4093 anonymus
2718 4010 3029 4074 Actorum
3076 4030 3124 4071 s.
3155 4008 3378 4093 Magni

485 4136 550 4199 p.
614 4118 763 4198 157,
849 4114 1259 4197 „innumerae
1327 4119 1661 4194 servantur
1714 4112 1957 4197 bullae,
2025 4113 2364 4198 privilegia
2430 4133 2505 4177 ac
2569 4112 2925 4198 diplomata
2985 4132 3375 4177 summorum

486 4218 859 4304 pontificum
929 4222 995 4281 et
1061 4217 1189 4282 alia
1256 4216 1531 4301 plurima
1597 4224 2039 4301 monumenta,
2122 4239 2286 4303 quae
2356 4216 2728 4282 iamdudum
2797 4217 2879 4282 ab
2946 4216 3375 4282 eruditissimo

485 4321 569 4387 D.
610 4321 929 4406 Gregorio
981 4322 1207 4405 Lauri,
1266 4321 1421 4386 olim
1481 4321 1793 4387 ecclesiae
1837 4322 2223 4407 Anagninae
2269 4322 2763 4406 poenitentiario
2809 4322 3137 4402 canonico,
3197 4324 3374 4404 post-

487 4425 749 4491 modum
817 4426 1121 4511 episcopo
1185 4425 1396 4511 Ripae
1457 4426 1804 4491 Transonis
1860 4448 1936 4491 ac
1994 4426 2264 4491 subinde
2323 4425 2677 4507 Asculano,
2747 4424 2996 4490 duobus
3061 4425 3253 4488 tomis
3310 4424 3377 4488 in

489 4550 724 4614 magno
770 4529 925 4594 folio
972 4537 1309 4615 compacta
1354 4529 1670 4594 fuerunt.“
1763 4529 1894 4595 Sed
1939 4531 2303 4615 antiquiora
2347 4530 2614 4615 periisse
2661 4529 2970 4594 dolemus.

699 4631 1003 4698 Profecto
1058 4632 1386 4697 archivum
1444 4634 1567 4698 hoc
1620 4633 2192 4719 locupletissimum
2238 4635 2385 4708 fuit;
2440 4634 2529 4698 ibi
2585 4635 2755 4698 enim
2812 4654 2962 4719 pars
3025 4630 3377 4716 praecipua

489 4734 1014 4802 documentorum
1058 4737 1256 4821 ipsius
1294 4758 1341 4799 s.
1377 4737 1549 4802 sedis
1591 4736 2071 4802 custodiebatur
2112 4775 2197 4784 —
2244 4739 2410 4802 inter
2441 4759 2606 4822 quae
2639 4736 2893 4802 celebre
2924 4734 3085 4801 illud
3113 4739 3373 4821 pactum

487 4838 896 4926 Anagninum
942 4861 1000 4904 a.
1040 4844 1201 4905 1176
1247 4878 1353 4925 —,
1400 4841 1617 4926 ibique
1648 4843 1884 4906 mansit
1914 4863 2116 4927 usque
2162 4842 2244 4907 ad
2286 4864 2343 4907 a.
2385 4845 2567 4926 1578,
2616 4841 2871 4928 quando
2902 4838 3374 4906 Bertinorensis

491 4944 830 5029 episcopus
874 4944 925 5009 I.
957 4945 1039 5009 A.
1075 4942 1378 5032 Caligari,
1439 4945 1740 5030 Gregorii
1781 4946 1951 5011 XIII
1996 4946 2202 5030 iussu,
2266 4946 2544 5011 Romam
2602 4947 2669 5011 in
2729 4951 3006 5010 castrum
3052 4966 3101 5008 s.
3133 4943 3373 5029 Angeli

490 5049 594 5131 „in
640 5046 841 5113 tribus
884 5047 1192 5114 sacculis“
1251 5070 1395 5114 eam
1451 5051 1792 5115 transtulit.
1881 5050 2067 5115 Conf.
2113 5049 2480 5115 Inventario
2542 5049 2711 5116 delle
2767 5050 3060 5114 scritture
3116 5052 3372 5133 portate

487 5151 571 5215 da
615 5151 871 5237 Anagni
915 5152 1129 5217 l’anno
1183 5157 1346 5220 1578
1393 5152 1499 5219 del
1544 5175 1723 5219 mese
1755 5153 1982 5238 Aprile
2031 5152 2115 5217 da
2146 5154 2350 5219 Mons.
2384 5154 2667 5239 Caligari
2714 5151 2953 5228 (Roma
2998 5149 3193 5214 Arch.
3219 5148 3367 5214 Vat.

485 5255 665 5319 Arm.
711 5254 1040 5321 XXXVII
1098 5262 1144 5320 t.
1188 5257 1344 5322 40A
1395 5258 1441 5322 f.
1484 5260 1561 5322 27
1619 5253 1826 5340 (Gott.
1872 5255 2111 5321 Nachr.
2166 5261 2326 5323 1900
2389 5279 2451 5343 p.
2489 5254 2643 5341 374)
2690 5262 2757 5321 et
2796 5255 2964 5319 Bibl.
2998 5253 3118 5319 Pio
3166 5259 3210 5315 t.
3245 5255 3368 5317 437
