4055 6069
1400 491 1588 547 Bauco
1624 521 1688 532 -
1725 492 1916 550 Monte
1951 492 2063 550 San
2098 491 2392 550 Giovanni.
3212 497 3322 558 171

1474 788 1710 854 Monte
1755 785 1895 855 San
1937 786 2306 855 Giovanni.

1599 911 1788 978 (Mons
1822 929 1864 966 s.
1889 911 2183 981 Iohannis)

667 1052 878 1118 Castri
931 1053 1167 1117 Montis
1212 1076 1260 1116 s.
1296 1051 1600 1117 Iohannis
1655 1051 1765 1137 (cf.
1811 1053 2109 1118 Marocoo
2157 1054 2555 1119 Monumenti
2599 1054 2695 1118 IV
2747 1059 2865 1119 144
2887 1077 3016 1140 sq.;
3078 1054 3328 1120 Moroni

452 1156 817 1222 Dizionario
863 1155 1128 1221 XXVII
1171 1156 1327 1242 285)
1381 1158 1621 1221 mentio
1675 1156 1747 1220 fit
1800 1157 1865 1220 in
1921 1157 2274 1242 privilegiis
2327 1179 2443 1242 pro
2492 1158 2765 1224 ecclesia
2808 1158 3135 1224 Verulana
3180 1160 3330 1225 inde

453 1282 492 1325 a
538 1260 854 1344 Gregorio
885 1259 1019 1325 VH
1063 1261 1230 1325 inter
1272 1263 1712 1345 possessiones
1770 1262 2081 1347 episcopii
2136 1283 2184 1325 s.
2235 1260 2557 1326 Andreae.
2648 1262 2981 1327 Laudatur
3025 1264 3220 1328 etiam
3265 1265 3330 1326 in

453 1364 688 1431 Chron.
735 1363 977 1430 Fossae
1023 1385 1229 1430 novae
1276 1366 1411 1430 sive
1456 1366 1623 1429 Ann.
1671 1364 1944 1430 Ceccan.
1992 1365 2077 1430 ad
2122 1386 2182 1429 a.
2225 1369 2404 1430 1155.
2461 1370 2622 1432 1174
2668 1365 3010 1451 (Muratori
3040 1365 3331 1431 θοι-,ΥΠ

456 1472 599 1534 870.
651 1472 806 1544 874;
855 1467 1027 1533 Mon.
1076 1468 1295 1533 Germ.
1345 1467 1477 1534 Scr.
1525 1468 1690 1533 XIX
1735 1471 1880 1534 284.
1929 1469 2104 1554 286).
2194 1469 2345 1534 Fuit
2388 1491 2583 1533 unum
2629 1492 2712 1535 ex
2759 1471 2982 1535 castris
3028 1471 3332 1536 comitum

453 1573 711 1655 Aquini.
820 1572 997 1637 Inter
1055 1572 1362 1639 ecclesias
1415 1573 1771 1637 invenimus
1836 1574 2296 1637 monasterium
2363 1596 2412 1636 s.
2461 1573 2937 1655 Pudentianae,
2999 1574 3331 1639 laudatum

453 1697 494 1740 a
537 1675 825 1740 Iohanne
870 1682 1135 1741 auctore
1178 1674 1374 1740 Vitae
1431 1699 1480 1740 s.
1514 1675 1836 1741 Dominioi
1895 1675 2126 1741 Sorani·
2170 1675 2299 1759 (ed.
2357 1676 2544 1741 Anal.
2602 1676 2898 1741 Bolland.
2944 1676 2980 1740 I
3026 1679 3208 1763 314),
3266 1685 3333 1743 et

454 1782 911 1845 monasterium
958 1802 1006 1844 s.
1040 1779 1364 1864 Iohannis,
1412 1785 1835 1844 memoratum
1882 1782 1945 1844 in
1991 1779 2345 1865 privilegiis
2393 1780 2760 1845 verulanae
2808 1780 3142 1846 ecclesiae.

665 1969 1070 2035 Documenta
1128 1971 1485 2054 spectantia
1551 1970 1634 2034 ad
1701 1976 1973 2035 castrum
2044 1970 2282 2036 Montis
2349 1994 2397 2034 s.
2438 1970 2742 2035 Iohannis
2808 1971 3214 2034 inveniuntur
3267 1970 3331 2032 in

453 2073 712 2139 archivo
759 2073 1071 2138 ecclesiae
1104 2071 1470 2138 Verulanae
1515 2073 1602 2160 (v.
1643 2095 1835 2159 supra
1878 2096 1940 2159 p.
1981 2074 2151 2160 155).
2240 2074 2338 2139 Ea
2385 2095 2660 2160 quoque,
2708 2094 2873 2159 quae
2917 2075 3085 2139 inter
3126 2092 3331 2137 mem-

451 2176 683 2241 branas
714 2175 1145 2242 bibliothecae
1176 2176 1534 2261 Barberini,
1565 2177 1760 2243 hodie
1791 2179 1856 2242 in
1885 2177 2277 2244 bibliotheca
2306 2177 2643 2262 Vaticana,
2675 2179 2954 2262 repperi,
2986 2198 3070 2242 ex
3101 2176 3332 2242 eodem

451 2280 711 2346 archivo
758 2280 1099 2366 desumpta
1145 2280 1342 2345 fuisse
1386 2290 1563 2365 puto.
1653 2281 1852 2345 Plura
1896 2282 2208 2348 debemus
2252 2281 2489 2346 Albino
2538 2287 2605 2346 et
2648 2280 2916 2346 Cencio.

660 2455 735 2505 Αι
765 2475 830 2498 =
868 2450 1019 2523 Orig.
1059 2453 1236 2507 Roma
1272 2449 1419 2506 Bibl.
1444 2450 1574 2506 Vat.
1613 2451 1776 2507 Barb.

451 2579 487 2635 1
2823 2576 2990 2639 1152
3030 2594 3174 2656 any.
3207 2576 3250 2636 3
3321 2571 3326 2577 ’

453 2679 736 2745 Thomas
806 2687 873 2744 et
927 2679 1302 2745 Guillielma
1361 2687 1556 2766 atque
1621 2681 1871 2766 Agnes,
1938 2680 2052 2744 filii
2121 2687 2187 2745 et
2239 2678 2513 2745 heredes
2571 2679 2898 2745 Adhinolfi
2966 2679 3046 2744 de
3113 2679 3333 2744 Monte

453 2806 503 2848 s.
536 2783 868 2867 Iohannis,
916 2783 1157 2849 donant
1196 2784 1411 2870 Euge
1428 2785 1553 2848 nio
1600 2783 1705 2848 111
1750 2785 2013 2869 eiusque
2070 2784 2540 2850 successoribus
2587 2786 2821 2869 omnia,
2877 2805 3041 2869 quae
3094 2782 3336 2848 habent

452 2889 518 2952 in
564 2894 699 2952 toto
746 2893 954 2953 castro
1000 2888 1237 2953 Montis
1281 2910 1330 2952 s.
1363 2887 1667 2953 Iohannis
1712 2894 1780 2953 et
1824 2890 1960 2953 eius
2004 2890 2327 2954 territorio
2372 2896 2440 2954 et
2483 2891 2548 2953 in
2578 2890 2899 2955 territorio
2932 2888 3013 2953 de
3045 2887 3335 2953 Canneta

455 2999 520 3058 et
564 2993 629 3058 in
674 2992 941 3057 castello
986 3013 1048 3077 q.
1081 3012 1140 3056 v.
1187 2991 1710 3079 strangulagallu
1764 3000 1831 3059 et
1885 2994 2023 3058 eius
2080 2994 2429 3078 territori0,
2484 2995 2549 3058 in
2590 2993 2886 3060 manibus
2929 2991 3206 3058 Landini
3252 2991 3333 3057 de

453 3096 684 3161 Alatro
718 3116 851 3181 ‘per
893 3095 1287 3162 cardinalem
1334 3119 1381 3162 s.
1416 3097 1638 3163 Crucis
1683 3098 1767 3163 ad
1813 3097 1978 3163 hanc
2022 3100 2494 3183 possessionem
2540 3096 2979 3182 accipiendam
3026 3117 3332 3181 procura-

456 3201 611 3265 toris
656 3198 718 3264 d.
763 3219 976 3285 papae
1021 3201 1367 3265 constituti.
1413 3236 1500 3247 —-
1542 3200 1682 3289 Ego
1727 3203 1866 3268 Leo
1912 3204 2097 3266 scrin.
2146 3225 2194 3266 s.
2241 3202 2372 3287 pal.

661 3311 754 3365 A1.
791 3339 861 3350 -—
897 3310 1002 3366 Ea.
1054 3310 1263 3365 Tonetti
1297 3311 1359 3365 in
1395 3311 1559 3367 Arch.
1594 3312 1731 3367 dona
1770 3312 1884 3369 Soc.
1926 3312 2080 3368 Rom.
2122 3312 2306 3367 XXV
2335 3320 2436 3368 234
2471 3330 2527 3370 n.
2554 3320 2601 3367 2.
2641 3341 2702 3352 —
2744 3312 2875 3380 Rey.
2912 3310 3016 3366 JL.
3058 3340 3139 3366 —-.

452 3451 498 3513 2
2540 3451 2730 3535 Sequi
2775 3452 2945 3516 1152
2987 3472 3131 3534 any.
3162 3454 3250 3515 28

454 3556 531 3620 In
578 3556 948 3641 praesentia
991 3554 1329 3640 Eugenii
1374 3556 1497 3641 III,
1543 3558 1608 3621 in
1653 3559 1767 3622 civ.
1816 3557 2102 3643 Signina,
2151 3557 2344 3622 breve
2392 3557 2836 3622 transactionis
2881 3556 2963 3620 de
3007 3555 3120 3621 lite
3166 3557 3336 3620 inter

453 3659 762 3725 Milonem
809 3680 1191 3744 yconomum
1236 3681 1286 3724 s.
1317 3659 1622 3726 Andreae
1677 3666 1743 3727 et
1787 3660 2081 3725 Girinum
2126 3661 2396 3725 militem
2451 3660 2689 3726 Montis
2733 3682 2781 3724 s.
2808 3659 3113 3724 Iohannis
3158 3679 3331 3723 com-

453 3765 730 3847 ponitur.

831 3866 881 3903 v.
908 3847 1115 3913 Veroli,
1154 3847 1336 3918 Episc.
1374 3867 1425 3903 n.
1453 3849 1535 3904 13.

453 3946 496 4006 3
2826 3944 2997 4007 1153
3037 3963 3174 4008 nov.
3204 3946 3248 4006 4

456 4046 731 4114 Gemma
774 4049 837 4114 h.
870 4050 946 4133 f.‚
993 4049 1342 4115 habitatrix
1386 4052 1578 4116 castri
1622 4050 1858 4116 Montis
1903 4074 1953 4115 s.
1985 4051 2292 4116 Iohannis
2346 4056 2413 4115 et
2463 4071 2626 4114 uxor
2671 4045 2874 4113 Girini
2919 4049 3037 4112 viri
3083 4047 3330 4132 magni-

454 4151 557 4216 fici
602 4150 720 4232 (cf.
765 4173 829 4216 n.
861 4155 955 4237 2),
1015 4154 1211 4219 tradit
1264 4154 1324 4219 b.
1357 4155 1555 4222 Petro
1602 4163 1667 4222 et
1720 4157 2032 4222 ecclesiae
2076 4156 2412 4220 Romanae
2458 4156 2675 4220 omnia
2731 4153 3119 4234 immobilia,
3164 4172 3332 4237 quae

456 4255 575 4319 sibi
619 4257 945 4341 pertinent
990 4260 1055 4322 in
1100 4261 1272 4323 omni
1325 4260 1647 4325 territorio
1691 4259 1930 4324 Montis
1974 4259 2371 4339 s.,Iohannis
2416 4267 2486 4325 et
2527 4260 2845 4324 territorio
2891 4258 3220 4323 Cannetae
3268 4260 3334 4319 et

457 4361 776 4426 territorio
855 4360 1385 4449 Strangulagalli,
1468 4366 1532 4428 in
1596 4386 1821 4429 manus
1888 4363 2196 4429 Iohannis
2269 4362 2441 4428 card.
2514 4386 2594 4427 ss.
2648 4360 2954 4427 Iohannis
3022 4367 3090 4426 et
3142 4359 3332 4425 Pauli

457 4466 852 4551 rectorisque
921 4464 1317 4551 Campaniae
1384 4469 1448 4531 in
1510 4469 1714 4532 vicem
1771 4467 1832 4532 d.
1892 4488 2104 4553 papae
2160 4469 2588 4550 (Anastasii
2631 4466 2785 4552 IV),
2844 4467 2910 4529 in
2967 4464 3334 4551 praesentia

457 4567 736 4632 Arnonis
793 4570 1154 4655 cappellani
1215 4570 1275 4635 d.
1333 4592 1544 4657 papae
1604 4578 1669 4635 et
1730 4593 1900 4658 mag.
1964 4572 2145 4636 Petri
2205 4572 2418 4636 fratris
2473 4570 2784 4655 praedicti
2843 4567 3201 4634 cardinalis.
3249 4601 3333 4613 —

455 4673 600 4760 Ego
645 4672 1040 4739 Octabianus
1083 4674 1319 4741 Montis
1363 4698 1412 4739 s.
1444 4673 1749 4741 Iohannis
1791 4674 2007 4740 iudeX.

663 4785 759 4838 Δὶ.
797 4813 863 4823 -
900 4784 1004 4840 Ed.
1049 4785 1261 4840 Tondti
1294 4786 1359 4839 in
1391 4785 1552 4842 Arca.
1587 4785 1721 4841 della
1756 4785 1873 4842 Soc.
1912 4786 2069 4842 Rom,
2097 4786 2286 4841 XXV
2309 4791 2410 4841 236
2444 4803 2498 4839 n.
2523 4792 2570 4841 3.
2608 4816 2674 4826 -·
2712 4784 2838 4855 Rey.
2874 4782 2983 4839 JL.
3019 4813 3103 4837 —.

458 4928 499 4986 4
2124 4925 2329 4991 Roma
2375 4925 2438 4991 S.
2472 4925 2687 4991 Pietro
2735 4925 2900 4988 1155
2945 4927 3130 4987 mrt.
3165 4923 3246 4985 15

459 5031 597 5094 Leo
643 5030 1003 5096 Verulanus
1049 5052 1148 5115 ep.
1196 5032 1369 5097 locat
1410 5032 1809 5098 Hadriano
1842 5033 1937 5096 IV
1983 5032 2243 5097 domum
2275 5052 2477 5112 suam,
2522 5031 2655 5095 scil.
2688 5053 2735 5095 s.
2768 5027 3092 5110 Andreae,
3139 5045 3331 5111 quam

461 5133 661 5199 habet
702 5135 766 5199 in
812 5141 1021 5198 castro
1067 5135 1305 5200 Montis
1364 5158 1412 5200 s.
1446 5136 1750 5200 Iohannis
1803 5134 1885 5200 ad
1941 5143 2189 5220 portam
2252 5134 2543 5200 eiusdem
2600 5137 2790 5199 castri
2836 5137 3015 5200 iuxta
3058 5153 3328 5198 murum.

463 5237 650 5315 Quod
705 5238 946 5304 factum
1016 5247 1115 5305 est
1165 5260 1284 5324 per
1338 5238 1693 5305 Iohannem
1753 5240 1925 5305 card.
1984 5242 2079 5305 tit.
2140 5261 2221 5302 ss.
2263 5239 2566 5308 Iohannis
2624 5245 2690 5304 et
2741 5238 2962 5321 Pauli,
3031 5238 3328 5308 comitem
