4055 6069
1115 478 1358 538 Basilica
1393 500 1434 537 s.
1459 480 1804 555 Euphemiae
1840 515 1904 526 -
1943 480 2227 543 Tiburtini
2265 485 2413 543 cives
2448 482 2673 558 singuli.
3254 495 3335 557 79

467 660 679 718 castro
726 656 928 721 sancti
971 656 1117 721 Poli
1165 664 1231 722 et
1275 658 1547 723 ecclesia
1593 679 1641 722 s.
1675 657 1950 726 Cosmae
1997 659 2079 725 de
2111 661 2428 727 Vicovaro
2487 667 2554 727 et
2597 683 2647 729 s.
2677 661 2866 727 Pauli
2910 668 2976 727 et
3020 686 3068 728 s.
3100 666 3338 752 Angeli

453 757 517 821 in
562 758 907 825 Perlaiule.

837 890 886 925 v.
924 873 1116 934 Roma,
1155 870 1300 928 Eccl.
1338 891 1380 928 s.
1411 872 1571 928 Pauli
1608 877 1766 930 extra
1801 892 1983 929 muros
2018 893 2071 930 n.
2097 876 2183 934 20.

450 955 496 1017 2
3019 966 3250 1053 (1143)

456 1059 776 1127 Tiburtini
821 1064 1275 1130 Innocentio
1323 1066 1393 1130 II
1437 1066 1648 1131 iurant
1690 1067 2071 1134 fidelitatem
2116 1074 2184 1134 et
2227 1070 2625 1154 promittunt,
2671 1090 2741 1135 se
2773 1068 3149 1135 defensuros
3194 1094 3361 1138 esse,

455 1174 762 1249 papatum
787 1166 1168 1254 Romanum,
1202 1171 1526 1235 civitatem
1552 1171 1973 1255 Tiburtinam,
2006 1172 2455 1238 donnicaturas
2485 1178 2553 1237 et
2573 1173 2840 1258 regalia,
2872 1195 3037 1258 quae
3061 1173 3337 1243 Romani

452 1270 790 1353 pontifices
858 1271 1099 1339 ibidem
1166 1273 1562 1359 habuerunt,
1631 1282 1698 1340 et
1757 1277 2177 1342 munitionem
2235 1277 2463 1341 Pontis
2521 1276 2764 1342 Lucani
2820 1284 2886 1343 et
2928 1279 3335 1363 Vicovarum,

454 1380 741 1438 sanctum
806 1376 1067 1462 Polum,
1123 1379 1456 1463 castellum
1503 1379 1852 1463 Boverani,
1908 1379 2335 1465 cantalupum
2392 1386 2458 1445 et
2511 1380 2913 1464 Burdellam,
2959 1381 3333 1447 Cicilianum

454 1484 520 1541 et
579 1476 707 1543 alia
771 1481 1017 1565 regalia
1077 1480 1138 1546 b.
1193 1482 1401 1566 Petri,
1470 1484 1658 1568 eique
1727 1504 1794 1548 se
1867 1483 2238 1549 dimissuros
2304 1505 2445 1549 esse
2513 1485 2885 1549 comitatum
2953 1507 3209 1571 quoque
3270 1492 3336 1551 et

453 1583 794 1648 rectoriam
842 1585 1129 1652 ciusdem
1177 1587 1451 1651 civitatis
1496 1586 1887 1653 Tiburtinae.

659 1694 894 1749 Albinus
928 1696 1013 1752 Ζῶ.
1053 1695 1156 1750 XI
1177 1713 1219 1752 c.
1254 1704 1335 1752 22.
1413 1697 1643 1753 Oeneius
1689 1715 1735 1755 c.
1774 1707 1883 1755 144.
1938 1729 2005 1739 -
2060 1697 2208 1754 Εάᾱ.
2246 1699 2526 1753 Muratori
2576 1700 2763 1768 Antan.
2802 1699 2888 1754 VI
2927 1706 3033 1756 251.
3113 1700 3338 1755 Theium·

460 1777 586 1834 Cod.
623 1779 753 1849 dipl.
792 1781 931 1837 dom.
969 1788 1120 1852 temp.
1158 1783 1201 1838 Ι
1227 1792 1292 1838 17
1319 1800 1376 1838 n.
1401 1791 1479 1843 21.
1550 1784 2032 1840 Faba-Dumana
2067 1785 2111 1839 Ι
2137 1794 2244 1840 415.
2282 1816 2349 1825 —
2387 1785 2515 1857 Ray.
2551 1786 2658 1841 JL.
2696 1816 2775 1841 —.

451 1922 496 1982 3
3052 1928 3220 1991 1143

454 2023 773 2089 Tiburtini
819 2026 1059 2109 iurant,
1114 2047 1183 2091 se
1228 2025 1291 2091 b.
1324 2027 1522 2092 Petro
1571 2032 1636 2091 et
1679 2027 2139 2095 Innocentio
2185 2028 2254 2093 II
2305 2030 2631 2094 civitatem
2676 1928 3075 2095 Tiburtinam
3121 1931 3335 2098 red)di-

454 2136 629 2193 turos
674 2150 835 2195 esse.

663 2239 892 2294 Albinus
927 2240 1011 2296 lib.
1055 2241 1154 2295 XI
1178 2257 1220 2296 c.
1251 2247 1329 2297 23.
1367 2273 1434 2282 -—
1471 2241 1578 2297 Ed.
1619 2242 2106 2299 Fabre-Duchesne
2141 2242 2209 2297 11
2248 2249 2351 2298 127.
2391 2273 2450 2283 -
2491 2242 2615 2313 Περ.
2652 2243 2767 2298 JL.
2806 2273 2888 2299 —-.

1422 2498 1788 2567 Tiburtini
1831 2501 2021 2568 cives
2068 2498 2361 2582 singuli.

454 2590 492 2649 1
2896 2587 3056 2669 (593
3089 2588 3248 2674 feb.)

452 2690 885 2778 Gregorius
939 2692 973 2756 I
1039 2690 1367 2776 Paschali,
1435 2691 1823 2756 Dometiano
1891 2698 2087 2776 atquc
2148 2691 2468 2775 Castorio,
2535 2691 2681 2756 filiis
2734 2690 2956 2756 Urbici
3013 2693 3336 2777 quondam

453 2796 809 2863 defensoris
856 2796 936 2862 de
983 2794 1208 2861 Tibur:
1258 2795 1553 2861 concedit
1596 2797 1796 2880 patris
1841 2793 2297 2879 substantiam,
2366 2816 2532 2880 quae
2596 2815 2712 2881 pro
2768 2797 2905 2860 eius
2961 2793 3195 2862 debitis
3240 2803 3338 2861 est

453 2899 766 2967 ecclesiae
812 2899 1120 2985 obligata,
1168 2920 1391 2964 eorum
1437 2898 1818 2965 utilitatibus
1863 2899 2281 2984 profuturam.
2330 2935 2408 2947 -
2459 2899 2671 2964 Officii
2714 2900 2915 2965 nostri
2962 2905 3079 2966 est.

660 3010 792 3082 Req.
838 3009 1086 3081 Gra-cmii
1121 3009 1164 3064 I
1190 3008 1273 3066 lib.
1301 3008 1409 3064 III
1435 3025 1515 3080 ep.
1542 3016 1619 3065 21.
1655 3039 1726 3051 -
1759 3008 1902 3064 Εάᾱ.
1939 3008 1993 3064 S.
2029 3008 2276 3081 Gregorii
2308 3008 2391 3066 M.
2432 3007 2672 3080 091).σά
2713 3010 2904 3066 Maur.
2929 3010 3014 3065 1211.
3040 3010 3152 3066 III
3174 3028 3230 3066 π.
3254 3018 3337 3067 20.

453 3099 646 3155 Mami
692 3098 791 3153 IX
826 3105 948 3153 1125
994 3114 1050 3152 n.
1076 3104 1153 3152 21.
1237 3098 1431 3168 Miyne
1478 3096 1786 3152 LXXVII
1825 3102 1933 3150 620
1977 3113 2034 3150 n.
2060 3103 2137 3151 21.
2230 3096 2383 3151 Mon.
2425 3097 2600 3154 Germ.
2648 3098 2792 3168 ΕΜ).
2831 3099 3011 3154 1178.
3066 3127 3131 3138 -
3177 3098 3339 3168 Βερρ.

452 3187 513 3242 J.
552 3192 664 3242 861.
719 3185 837 3241 JE.
876 3191 1013 3240 1226.

841 3279 921 3334 De
959 3278 1167 3335 Urbico
1202 3279 1488 3335 defensore
1523 3278 1848 3349 patrimonii
1873 3278 2193 3336 Savinensis
2229 3283 2288 3336 et
2312 3278 2621 3337 Cartiolani
2658 3282 2725 3336 cf.
2765 3281 3073 3337 Hartmann
3110 3280 3165 3335 in
3192 3280 3339 3336 Mon.

660 3366 841 3423 Germ.
876 3365 1020 3437 Epp.
1057 3366 1082 3419 I
1117 3365 1187 3421 50
1219 3370 1335 3422 not.
1371 3367 1408 3422 4
1440 3368 1502 3421 et
1536 3383 1591 3435 p.
1616 3364 1700 3432 81,
1738 3367 1797 3421 et
1834 3384 2004 3436 supra
2038 3385 2094 3437 p.
2119 3367 2168 3422 9.

449 3458 484 3497 ᾖ
3051 3494 3138 3503 .-

448 3459 875 3626 z2aoharias
919 3560 1090 3625 locat
1132 3560 1302 3625 Urso
1349 3559 1616 3625 fundum
1673 3560 2027 3625 Ananvilas
2082 3581 2227 3625 cum
2272 3559 2631 3645 appendice
2677 3580 2792 3625 suo
2841 3455 3336 3645 Οἷιίῗιξωῌόἕζῃιί

450 3672 518 3730 et
584 3664 948 3731 Corcorulis
1015 3670 1083 3730 et
1146 3663 1508 3748 tabernale,
1575 3685 1711 3749 pos.
1783 3664 1846 3728 in
1892 3666 2155 3730 civitate
2197 3664 2560 3748 Tiburtina,
2628 3685 2712 3730 ex
2759 3685 3027 3748 corpore
3085 3685 3335 3730 massae

449 3769 937 3835 Intromuranae
982 3774 1148 3853 patr.
1195 3768 1506 3834 Tiburtin.

829 3898 878 3934 v.
916 3878 1323 3936 Patrimonium
1358 3877 1716 3935 Tiburtinum
1753 3898 1805 3934 n.
1831 3879 1880 3935 6.

450 3969 532 4032 *3
877 4027 887 4036 .
2801 3967 3243 4053 (1012—152)

455 4072 956 4158 [Benedictus
1000 4069 1227 4160 V1112]
1282 4072 1577 4138 concedit
1621 4072 1949 4157 Stephano
1994 4070 2193 4136 nobili
2239 4073 2405 4156 viro,
2461 4071 2594 4136 filio
2641 4072 2963 4157 quondam
3023 4071 3336 4157 Ildiberti,

443 4178 804 4264 >habitatori
854 4178 971 4241 civ,
1006 4175 1420 4261 Tyburtinae,
1465 4198 1582 4261 per
1609 4183 2026 4261 praeceptum
2059 4175 2425 4261 pontificale
2471 4195 2726 4240 omnem
2753 4178 3211 4260 portaraticum
3257 4177 3339 4242 de

453 4281 746 4347 omnibus
791 4280 954 4346 casis
1000 4277 1232 4367 [causis
1274 4277 1430 4366 cod.]
1476 4281 1594 4344 civ.
1644 4278 2039 4365 Tyburtinae
2085 4286 2217 4345 tam
2263 4278 2344 4344 de
2376 4277 2654 4363 piscibus
2694 4299 2886 4363 quam
2933 4279 3014 4343 de
3046 4279 3339 4346 omnibus

451 4385 674 4470 rebus,
733 4385 903 4450 unde
947 4385 1406 4469 portaraticum
1469 4383 1554 4448 ad
1609 4405 1831 4450 omnes
1886 4391 2108 4469 portas
2166 4385 2282 4448 civ,
2331 4381 2723 4469 Tyburtinae
2779 4404 3000 4449 omnes
3044 4383 3337 4449 homines

451 4490 606 4555 dare
653 4491 824 4554 soliti
869 4495 1031 4553 sunt.

655 4598 836 4656 Laud.
867 4600 932 4653 in
964 4600 1156 4655 charta
1188 4599 1500 4656 donationis
1537 4599 1800 4669 Stephani
1836 4615 1887 4654 a.
1920 4605 2045 4655 1015
2078 4598 2238 4667 apo-il.
2267 4607 2293 4652 1
2327 4598 2462 4666 (cdd.
2500 4597 2703 4668 Uqhdzi
2742 4601 2757 4633 ¹
2793 4596 2842 4652 V
2876 4606 3031 4667 1541,·
3066 4600 3088 4631 ¹
3125 4597 3167 4651 Ι
3192 4602 3334 4653 1307.

449 4687 667 4742 Brwza
695 4703 752 4755 p.
785 4693 852 4742 67
881 4704 936 4741 n.
957 4689 1058 4756 10).
1096 4716 1165 4727 —-
1203 4686 1333 4758 Ray.
1371 4686 1478 4743 JL.
1518 4718 1599 4742 —.
3394 4713 3397 4714 ⁷

448 4830 490 4889 4
2777 4821 2945 4885 1151
2989 4841 3129 4889 nov.
3160 4823 3249 4886 23

448 4929 746 4995 Iordanis
795 4929 878 4994 da
923 4929 1131 4994 Bruzo
1177 4928 1398 4995 vendit
1427 4926 1731 5011 Ranerio,
1779 4926 1839 4991 d.
1871 4946 2082 5011 papae
2115 4926 2491 5008 camerario,
2522 4926 2826 4991 mandato
2871 4924 3201 5013 Eugenii
3231 4924 3335 4990 III

451 5040 659 5101 terras
726 5036 790 5100 in
856 5033 1057 5099 tribus
1124 5035 1283 5099 locis
1339 5036 1625 5099 iacentes
1693 5034 1758 5096 in
1826 5032 2145 5095 territorio
2210 5028 2544 5095 Tiburtino
2602 5031 2667 5094 in
2728 5030 2871 5096 loco
2935 5052 2995 5116 q.
3044 5030 3105 5095 d.
3160 5030 3335 5095 Pons

447 5138 762 5202 Lucanus.
809 5175 893 5186 —·
937 5137 1078 5223 Ego
1126 5137 1449 5203 Iohannes
1493 5137 1557 5203 S.
1589 5137 1670 5202 R.
1703 5135 1779 5201 E.
1826 5142 1956 5199 not.
2004 5135 2246 5218 scripsi.

661 5248 808 5319 Oriq.
848 5248 1024 5305 Roma
1057 5248 1221 5304 111·οή.
1259 5249 1378 5306 Vat.
1417 5250 1565 5304 Arm.
1592 5247 1706 5302 111
1731 5263 1774 5302 c.
1813 5245 1937 5300 VII
1961 5261 2016 5300 n.
2043 5252 2117 5301 19.
2155 5274 2222 5285 —
2261 5244 2386 5313 Ray.
2412 5244 2524 5302 JL.
2561 5275 2645 5308 -.
