4055 6069
1497 1255 2728 1375 FERENTINO

1832 1434 2414 1521 (Ferentinum)

876 1688 1172 1763 Ughelli
1234 1693 1249 1725 ¹
1291 1691 1312 1743 I
1351 1691 1452 1745 719
1479 1708 1585 1759 sq.;
1644 1691 1716 1744 ²1
1752 1691 1854 1746 672
1875 1710 1955 1761 sq.
2008 1723 2077 1731 —
2131 1690 2471 1747 Casimiro
2524 1691 2687 1747 Mem.
2743 1691 2894 1749 istor.
2950 1693 3099 1750 delle
3152 1694 3337 1751 chiese
3384 1712 3414 1751 e
3468 1695 3558 1751 dei

669 1777 928 1834 conventi
975 1777 1068 1833 dei
1118 1776 1251 1832 frati
1296 1777 1500 1832 Minori
1547 1777 1697 1832 della
1740 1776 2034 1848 provincia
2078 1777 2330 1833 Romana
2374 1783 2390 1812 ¹
2426 1795 2481 1849 p.
2505 1780 2603 1834 145
2623 1797 2728 1847 sq.;
2778 1782 2800 1814 ’
2826 1798 2880 1850 p.
2906 1780 3009 1836 206
3030 1799 3110 1850 sq.
3164 1812 3230 1820 —
3284 1781 3391 1838 Ios.
3427 1780 3559 1836 Sim.

669 1864 1026 1920 Assemani
1080 1864 1163 1919 De
1216 1863 1428 1919 sanctis
1473 1864 1784 1919 Ferentinis
1847 1864 1904 1918 in
1958 1864 2163 1919 Tuscia
2216 1863 2504 1920 Bonifacio
2559 1882 2626 1920 ac
2683 1865 2995 1936 Redempto
3047 1866 3327 1938 episcopis
3382 1867 3560 1937 deque

669 1952 997 2021 presbytero
1033 1954 1093 2005 et
1126 1953 1371 2020 martyre
1408 1950 1687 2020 Eutychio
1723 1950 2046 2008 dissertatio
2079 1954 2310 2022 (Romae
2340 1953 2493 2013 1745)
2530 1971 2584 2022 p.
2610 1952 2677 2008 25
2697 1971 2778 2022 sq.
2805 1984 2873 1992 —
2898 1953 3100 2010 Istoria
3123 1954 3254 2010 den·
3279 1955 3560 2011 antichita

668 2054 699 2093 e
734 2037 956 2093 nobilta
991 2039 1142 2093 della
1178 2039 1322 2093 citta
1356 2036 1413 2091 di
1453 2038 1777 2104 Ferentin0‚
1829 2057 1927 2094 ms.
1964 2058 2006 2094 s.
2033 2040 2247 2106 XVIII,
2284 2039 2461 2095 Roma
2500 2039 2641 2094 Bibl.
2667 2039 2797 2095 Vat.
2833 2041 3025 2096 Museo
3071 2041 3279 2113 Boi-gia
3312 2043 3430 2098 cod.
3457 2044 3559 2098 315

670 2124 747 2193 (M
771 2124 822 2178 V
862 2126 975 2194 19);
1002 2125 1071 2179 cf.
1098 2124 1250 2181 Οὔτε.
1276 2124 1483 2181 Nachr.
1513 2125 1646 2182 1903
1670 2143 1724 2195 p.
1752 2127 1835 2180 72.
1869 2156 1927 2167 -—·
1957 2126 2019 2182 G.
2047 2127 2121 2182 M.
2148 2126 2490 2181 Simbolot
2502 2127 2558 2181 ti
2598 2126 2846 2182 Historia
2882 2127 2972 2183 del
3010 2128 3228 2184 celebre
3262 2128 3560 2185 Ferentino

667 2215 727 2270 di
763 2214 1105 2285 Campagna.
1144 2230 1242 2266 ms.
1278 2230 1329 2267 a.
1358 2213 1508 2267 1764.
1544 2244 1609 2251 —
1648 2212 1964 2268 Marocco
1998 2213 2348 2269 Monumenti
2381 2212 2432 2266 V
2468 2213 2635 2282 58sq.
2673 2244 2738 2254 -
2776 2213 3221 2284 Cappelletti
3254 2212 3334 2270 VI
3359 2216 3456 2271 391
3479 2235 3558 2285 sq.

667 2334 734 2342 —
758 2301 1023 2356 Moroni
1057 2299 1373 2356 Dizionario
1399 2299 1587 2355 XXIII
1613 2301 1716 2356 292
1733 2319 1841 2369 sq.;
1880 2300 2092 2355 XXVII
2118 2301 2221 2355 280
2241 2320 2321 2369 sq.
2349 2332 2408 2341 -
2439 2301 2508 2354 N.
2533 2300 2862 2371 Angelini
2889 2300 3042 2367 Vita,
3069 2301 3325 2357 martirio
3351 2320 3380 2358 e
3408 2303 3561 2359 culto

666 2387 726 2442 di
778 2386 830 2442 S.
871 2386 1191 2459 AmbrogiO,
1244 2389 1553 2457 protettore
1611 2387 1763 2442 della
1815 2387 1960 2443 citta
2012 2388 2070 2442 di
2126 2388 2425 2443 Ferentino
2481 2387 2754 2454 (Frascati
2810 2389 2980 2458 1884).
3036 2421 3099 2430 —
3156 2389 3215 2444 L.
3240 2389 3556 2444 Morosini

668 2472 890 2529 Notizie
941 2473 1183 2528 storiche
1221 2472 1371 2528 della
1407 2472 1551 2529 citta
1586 2473 1642 2528 di
1680 2473 1983 2530 Ferentino
2022 2474 2223 2541 (Roma
2262 2474 2434 2537 1905).

1627 2680 2102 2767 Episcopatus
2148 2681 2595 2749 FerentInas.

882 2823 1165 2908 Antiqua
1231 2822 1662 2888 Hernicorum
1734 2823 1914 2905 urbs,
1982 2823 2091 2887 ubi
2160 2824 2545 2908 episcopalis
2603 2823 2821 2908 sedes,
2899 2825 2962 2888 in
3032 2844 3158 2909 qua
3223 2824 3557 2907 pontifices

666 2925 975 3010 Romani,
1045 2928 1424 3011 praesertim
1487 2925 1864 2992 Alexander
1908 2926 2043 3011 111,
2111 2928 2350 3013 pluries
2419 2927 2814 2992 resederunt.
2925 2927 3122 2993 Teste
3189 2926 3425 2992 Cencio
3494 2930 3556 2990 in

669 3029 865 3096 Libro
913 3052 1217 3095 censuum
1252 3029 1314 3094 S.
1349 3028 1429 3094 R.
1460 3029 1537 3094 E.
1585 3029 1716 3114 (ed.
1750 3030 2343 3097 Fabre-Duchesne
2375 3031 2409 3097 Ι
2447 3033 2573 3118 13),
2623 3033 2963 3116 episcopus
3009 3030 3232 3097 debuit
3276 3032 3554 3116 pontifici

675 3134 821 3218 „CO
869 3134 1171 3200 scutellas
1217 3141 1283 3198 et
1325 3134 1450 3199 LX
1494 3135 1758 3200 brachia
1803 3135 2063 3221 panni“.
2151 3136 2519 3221 NescimuS,
2579 3158 2618 3201 a
2663 3157 2789 3221 quo
2834 3135 3135 3220 pontifice
3180 3136 3285 3200 hic
3331 3157 3558 3200 census

668 3240 1003 3322 impositus
1034 3240 1135 3302 sit.
1202 3238 1588 3322 Antiquiora
1622 3241 1791 3304 enim
1825 3238 2214 3305 documenta
2242 3262 2360 3325 pro
2394 3242 2770 3326 episcopatu
2801 3241 3058 3303 omnino
3093 3239 3555 3304 desiderantur.

667 3342 746 3407 In
791 3341 1037 3406 duobus
1085 3341 1344 3427 quidem
1390 3341 1715 3407 mandatis
1758 3342 2120 3407 Alexandri
2165 3344 2272 3408 ΠΙ
2326 3345 2600 3410 occurrit
2643 3342 2962 3408 Rudolfus
3006 3342 3387 3407 Ferentinae
3433 3364 3557 3426 ep„

666 3447 765 3510 cui
813 3445 1106 3530 pontifex
1148 3447 1541 3530 legationem
1588 3448 1653 3510 in
1698 3445 1977 3512 Galliam
2023 3449 2343 3513 commisit
2391 3447 2537 3533 (JL.
2578 3451 2803 3512 11558.
2857 3445 3114 3532 11603).

880 3547 959 3614 In
1002 3548 1125 3613 hac
1158 3548 1438 3614 dioecesi
1469 3549 1685 3614 floruit
1730 3550 1883 3614 olim
1932 3550 2189 3616 celebre
2236 3574 2284 3616 s.
2316 3551 2563 3616 Mariae
2609 3549 2690 3614 de
2736 3550 3033 3615 Flumine
3073 3551 3556 3632 monasterium,

667 3675 723 3718 a.
763 3656 926 3719 1196
957 3674 997 3717 a
1028 3652 1318 3718 Iohanne
1364 3655 1599 3719 comite
1646 3662 1713 3719 et
1757 3654 2034 3720 Iordano
2069 3654 2242 3720 card.
2274 3677 2324 3718 s.
2355 3655 2803 3720 Pudentianae
2850 3676 2932 3718 ex
2977 3652 3224 3717 familia
3255 3654 3558 3717 comitum

667 3756 748 3822 de
794 3756 1086 3823 Ceccano
1133 3758 1479 3823 conditum.

880 3915 1162 3979 Archiva
1217 3921 1351 3979 tum
1409 3916 1818 3999 episcopatus
1876 3921 2011 3979 tum
2080 3916 2357 3979 civitatis
2415 3916 2794 4000 gravissima
2845 3914 3083 3979 damna
3147 3933 3338 3997 passa
3390 3916 3550 3975 sunt.

668 4018 742 4082 In
788 4017 1046 4082 archivo
1094 4019 1404 4084 ecclesiae
1453 4018 1839 4085 cathedralis
1885 4041 1965 4084 ss.
2000 4019 2304 4083 Iohannis
2351 4025 2417 4083 et
2459 4018 2646 4083 Pauli
2689 4018 3142 4082 documentum
3189 4015 3553 4101 antiquissi-

666 4143 841 4187 mum
909 4129 1007 4187 est
1072 4122 1425 4188 Clementis
1468 4122 1566 4189 IV
1624 4122 1800 4187 bulla
1869 4122 2188 4208 quaedam
2245 4144 2301 4186 a.
2355 4126 2547 4194 1265;
2616 4122 2679 4185 in
2738 4121 2997 4186 archivo
3065 4121 3341 4184 civitatis
3401 4139 3552 4183 vero

665 4227 1051 4292 documenta
1095 4225 1516 4291 adservantur
1558 4225 1707 4291 inde
1755 4247 1793 4290 a
1838 4245 2006 4290 saec.
2040 4224 2194 4289 XII.

881 4327 982 4394 De
1028 4328 1303 4393 archivis
1347 4330 1431 4394 cf.
1457 4330 1822 4395 Bethmann
1869 4331 1933 4393 in
1980 4328 2222 4394 Archiv
2252 4329 2387 4393 XII
2421 4332 2581 4404 483;
2629 4327 2804 4393 Gott.
2839 4327 3075 4392 Nachr.
3116 4330 3279 4391 1900
3311 4347 3372 4410 p.
3407 4328 3551 4390 302.

3137 4465 3436 4526 493—94

666 4470 1034 4637 (13elasius
1079 4572 1112 4636 I
1155 4572 1447 4656 Iohanni,
1494 4572 1695 4636 Basso
1745 4579 1810 4636 et
1853 4569 2229 4636 Alexandro
2264 4591 2440 4655 epp.:
2487 4571 2777 4655 iniungit,
2823 4578 2894 4633 ut
2924 4463 3313 4633 Antoiffinam
3361 4467 3552 4631 nigri-

664 4675 779 4741 tali
825 4677 1054 4741 solatio
1101 4676 1474 4741 destitutam
1520 4678 1787 4741 tuitione
1834 4695 2115 4760 curaque
2163 4674 2534 4739 defendant.
2579 4711 2667 4721 —
2709 4673 2921 4739 Missis
2965 4670 3426 4756 praesentibus.

877 4779 1006 4834 0011.
1053 4779 1215 4834 Bria.
1265 4778 1475 4833 Gelasii
1521 4778 1561 4831 Ι
1589 4795 1666 4848 ep.
1707 4788 1748 4832 1.
1791 4808 1854 4818 —
1893 4777 2001 4833 Ed.
2040 4776 2374 4841 Loewsnfeld
2409 4777 2556 4845 Epp.
2586 4792 2644 4844 p.
2672 4785 2699 4830 1
2744 4794 2800 4830 η.
2834 4785 2873 4830 1.
2931 4806 2994 4815 —-
3053 4774 3220 4844 Reqq.
3265 4772 3462 4827 Ewald
3495 4774 3556 4826 in

668 4866 739 4921 N.
774 4865 976 4921 Archiv
1009 4864 1065 4920 V
1093 4872 1199 4922 509
1233 4884 1288 4920 π.
1314 4875 1355 4921 1.
1428 4864 1542 4920 JK.
1579 4873 1688 4921 629.

1044 4952 1273 5007 Bassum
1309 4951 1416 5008 hoc
1452 4956 1704 5022 tempore
1741 4950 2066 5022 episcopum
2102 4949 2385 5007 Ferentini
2421 4950 2608 5015 fuisse,
2647 4968 2713 5004 ex
2751 4948 2894 5004 actis
2931 4946 3154 5003 concilii
3189 4963 3240 5001 a.
3264 4947 3368 5001 499
3406 4962 3551 4999 com-

869 5038 1129 5111 perimus.
1202 5039 1476 5095 Iohanues
1512 5057 1585 5094 an
1633 5036 1804 5094 fuerit
1839 5036 2136 5108 episcopus
2175 5036 2743 5095 Soranus.nescimus.
2814 5034 3190 5090 Alexandrum
3227 5031 3552 5103 episcopum

870 5129 974 5184 sub
1027 5126 1252 5183 Gelasio
1297 5127 1323 5180 I
1374 5125 1603 5182 minime
1671 5124 1814 5182 alias
1867 5123 2195 5181 invenimus.
2280 5124 2362 5179 De
2414 5123 2699 5179 Antonina
2763 5122 2979 5177 nnllam
3050 5120 3220 5176 aliam
3282 5119 3552 5176 habemus

868 5213 1149 5270 notitiam.
1221 5214 1419 5282 Itaque
1455 5213 1601 5269 hanc
1639 5211 1849 5267 Gelasii
1887 5212 1912 5266 1
1947 5210 2248 5283 epistolam
2284 5211 2386 5267 sub
2425 5207 2785 5265 Ferentinate
2819 5208 3150 5279 episcopatu
3184 5203 3495 5262 retulimus.
