4055 6069
669 489 751 550 38
1992 481 2232 537 Latium.

882 659 1214 727 Ecclesiae
1260 658 1320 724 b.
1353 658 1598 724 Mariae
1643 659 1707 723 in
1753 659 2062 724 Frascata
2106 659 2236 723 iam
2279 659 2520 724 mentio
2565 660 2638 724 fit
2682 659 2748 723 in
2790 658 2946 725 Vita
2989 661 3227 726 Leonis
3273 661 3389 746 IV,
3446 663 3553 748 qui

669 785 812 829 cam
860 765 1087 829 ditavit
1130 762 1299 848 (Lib.
1347 763 1572 848 pontif.
1620 762 1722 826 ed.
1769 761 2113 828 Duehesne
2159 762 2228 826 II
2267 762 2435 846 121).
2526 761 2819 827 Ecclesia
2851 785 3106 849 quoque
3151 788 3200 831 s.
3231 766 3554 832 Vincentii

669 870 733 932 in
777 869 1085 933 Frascata
1130 867 1211 933 ab
1260 866 1490 932 eodem
1536 867 1836 952 pontifice
1884 873 2074 931 aucta
2119 867 2240 931 fuit
2284 867 2352 950 (l.
2386 888 2440 931 c.
2473 866 2542 929 II
2580 864 2751 951 130).
2826 866 3181 935 Praeterea
3223 869 3554 936 basilicam

669 996 718 1036 s.
767 972 1131 1038 Sebastiani
1176 974 1241 1036 in
1284 972 1593 1037 Frascata
1654 993 1693 1036 a
1746 972 1968 1037 Leone
2014 972 2110 1036 IV
2158 972 2226 1053 (l.
2262 992 2314 1035 c.
2347 971 2417 1034 H
2468 976 2607 1036 114.
2660 970 2809 1056 120)
2857 978 2922 1037 et
2966 994 3006 1037 a
3047 973 3404 1040 Benedicto
3450 974 3555 1039 III

671 1077 739 1162 (1.
774 1098 828 1141 c.
861 1078 930 1141 II
966 1079 1115 1163 146)
1160 1077 1619 1161 locupletatam
1666 1076 1883 1160 fuisse,
1932 1098 2016 1142 ex
2059 1076 2254 1141 Libro
2300 1077 2653 1162 pontificali
2697 1075 3051 1142 deducitur.

886 1249 1314 1336 Magnitudini
1389 1272 1465 1314 ac
1537 1249 1863 1335 splendori
1918 1249 2411 1316 Tusculanensis
2467 1250 2780 1316 ecclesiae
2847 1249 3230 1318 documenta
3290 1254 3554 1320 minime

672 1355 1082 1441 respondent.
1172 1355 1455 1419 Archiva
1501 1355 1670 1420 enim
1719 1363 1852 1419 tum
1899 1356 2308 1441 episcopatus
2353 1361 2487 1419 tum
2534 1356 2806 1419 civitatis
2853 1356 3317 1440 antiquioribus
3361 1360 3555 1443 privi-

671 1460 858 1545 legiis
904 1459 1160 1523 omnino
1209 1464 1430 1522 carent
1474 1456 1583 1543 (ef.
1630 1459 1996 1523 Bethmann
2041 1459 2106 1522 in
2149 1457 2393 1522 Archiv
2437 1457 2574 1521 XII
2619 1456 2795 1543 480),
2852 1479 3239 1543 quamquam
3287 1482 3413 1524 non
3460 1468 3557 1527 est

671 1563 963 1647 dubium,
1024 1563 1177 1647 quin
1222 1561 1730 1628 Tusculanenses
1775 1563 2093 1648 episcopi,
2154 1568 2226 1626 ut
2268 1563 2499 1648 reliqui
2545 1561 2994 1645 suburbicarii,
3042 1564 3555 1631 confirmationes

671 1666 1011 1733 habuerint
1055 1667 1530 1750 possessionum
1577 1671 1643 1731 et
1684 1666 1904 1730 finium
1952 1665 2287 1731 dioecesis.

672 1827 711 1884 1
2614 1823 2962 1888 Terracina
3006 1826 3236 1907 (1111)
3280 1825 3397 1888 iul.
3431 1826 3469 1887 5

670 1929 818 1991 Pas
835 1927 922 1991 ch
938 1927 1079 1991 alis
1123 1927 1193 1991 H
1239 1926 1512 1991 Iohanni
1557 1926 1952 2006 TusculanO,
2005 1927 2212 1992 Leoni
2255 1926 2608 1992 Velletren.
2666 1933 2732 1992 et
2777 1927 3206 1992 cardinalibus
3249 1930 3317 1992 in
3361 1950 3554 1993 unum

672 2031 1079 2116 congregatis
1124 2033 1511 2095 consortium
1558 2029 1780 2095 scribit
1839 2030 1919 2095 de
1966 2029 2418 2095 emendatione
2463 2030 2783 2115 privilegii
2830 2030 2912 2095 ab
2956 2029 3264 2096 Heinrico
3294 2032 3356 2096 V
3401 2033 3554 2117 imp.

671 2137 792 2220 ipsi
839 2135 1094 2200 extorti.

1049 2262 1099 2300 v.
1140 2245 1327 2311 Roma,
1366 2247 1417 2300 S.
1446 2244 1506 2299 R.
1532 2243 1592 2298 E.
1631 2244 1940 2300 cardinales
1974 2245 2138 2299 n.12.
2187 2274 2254 2284 —
2309 2244 2594 2315 Epistolas
2638 2244 2775 2300 duas
2821 2244 3084 2301 Iohannis
3121 2245 3419 2301 Marsieani
3467 2264 3552 2316 ep.

880 2332 1267 2398 Tusculanen„
1305 2332 1403 2400 qui
1439 2331 1729 2387 Paschalis
1764 2331 1817 2385 II
1855 2331 2004 2386 vices
2041 2331 2188 2402 egit,
2240 2331 2361 2386 edd.
2401 2330 2672 2386 Batonius
2708 2331 2849 2387 Anu.
2885 2331 2958 2387 ad
2993 2348 3045 2387 a.
3085 2333 3213 2387 1111
3256 2348 3303 2386 e.
3342 2333 3423 2387 11.
3465 2333 3555 2396 13;

877 2418 1059 2474 Mansi
1094 2418 1226 2474 XXI
1263 2418 1357 2483 59;
1393 2418 1585 2490 Migne
1621 2417 1760 2473 CLX
1799 2417 1948 2474 1037.

668 2519 714 2582 2
2638 2515 2959 2580 Laterano
3005 2516 3237 2599 (1150)
3278 2514 3397 2596 feb.
3432 2517 3470 2579 5

671 2619 1067 2706 Eugenius
1112 2617 1218 2682 ΠΙ
1275 2617 1590 2684 Nicholao
1650 2618 1870 2684 abbati
1925 2639 2098 2683 mon.
2146 2640 2194 2681 s.
2226 2618 2473 2683 Mariae
2519 2618 3062 2704 Oriptaeferratae
3110 2625 3261 2685 etc.:
3319 2618 3559 2685 decidit

671 2726 853 2790 litem
897 2724 1064 2788 inter
1110 2744 1258 2788 eum
1304 2730 1370 2789 et
1408 2724 1719 2788 Ymarum
1750 2722 2089 2788 Tusculan.
2139 2744 2241 2806 ep.
2288 2744 2481 2807 super
2509 2723 2865 2807 parochiali
2908 2725 3044 2789 iure
3089 2725 3289 2808 ipsius
3332 2744 3556 2788 mona-

673 2829 877 2911 sterii,
946 2848 1025 2891 ea
1090 2827 1337 2891 ratione
1394 2833 1468 2891 ut
1530 2828 1987 2892 monasterium
2035 2826 2612 2911 Criptaferratense
2678 2827 2950 2893 liberum
3008 2830 3090 2893 sit
3151 2849 3192 2892 a
3234 2834 3556 2913 potestate

675 2931 960 3016 episcopi
1023 2929 1397 3014 Tusculan.,
1460 2929 1575 2996 sed
1645 2931 1724 2995 (16
1789 2929 2102 3015 cappellis
2156 2952 2204 2995 s.
2251 2928 2588 2996 Benedicti
2645 2936 2711 2996 et
2764 2953 2812 2995 s.
2852 2931 3181 2997 Pancratii
3252 2934 3553 3017 episcopo

674 3042 926 3121 partem
973 3034 1365 3100 decimarum
1414 3042 1482 3100 et
1525 3033 1919 3100 oblationum
1966 3033 2192 3100 solvat.

1053 3164 1102 3200 v.
1139 3143 1566 3213 Grottaferrata,
1602 3146 1748 3203 Mon.
1785 3164 1826 3202 s.
1851 3145 2067 3203 Mariae
2103 3165 2158 3202 n.
2187 3147 2267 3203 12.

673 3247 717 3308 3
1656 3327 1671 3337 ,
3068 3242 3471 3327 (1154—59)

674 3344 1139 3412 Hadrianus
1196 3347 1293 3412 IV
1360 3347 1613 3433 Ignatio
1683 3348 1899 3414 abbati
1969 3372 2018 3414 s.
2062 3350 2308 3416 Mariae
2381 3350 2926 3435 Criptaeferratae
2995 3356 3149 3415 etc.:
3228 3351 3562 3415 confirmat

677 3453 1191 3517 convenientiam
1236 3473 1276 3518 a
1320 3451 1748 3518 cardinalibus
1778 3454 2254 3539 promulgatam
2300 3453 2381 3519 de
2414 3456 2866 3539 controversia,
2915 3475 3080 3539 quae
3125 3455 3293 3519 inter
3321 3476 3559 3540 papam

677 3562 745 3620 et
787 3556 1098 3620 Ymarum
1154 3578 1255 3641 ep.
1303 3578 1496 3642 super
1546 3577 1716 3621 mon.
1763 3580 1811 3621 s.
1844 3558 2090 3624 Mariae
2138 3558 2219 3623 de
2268 3557 2733 3643 Oriptaferrata
2777 3565 2845 3623 et
2888 3580 3055 3623 mon.
3105 3581 3154 3622 s.
3185 3558 3431 3624 Mariae
3478 3558 3558 3625 de

677 3657 909 3725 Pesclo
958 3658 1194 3724 diutius
1239 3661 1550 3746 agitatur,
1608 3681 1686 3725 ea
1743 3663 1991 3727 ratione
2037 3668 2109 3726 ut
2152 3664 2471 3728 sententia
2516 3683 2709 3748 super
2752 3684 2922 3727 mon.
2970 3663 3051 3727 de
3095 3662 3560 3748 Criptaferrata

677 3763 759 3827 ab
826 3763 1118 3850 Eugenio
1178 3764 1283 3828 III
1349 3767 1444 3846 (n.
1482 3766 1555 3847 2)
1620 3766 2030 3852 promulgata
2095 3766 2624 3852 irrefragabiliter
2691 3773 3008 3852 servetur,
3077 3767 3559 3853 dispositionem

678 3874 895 3932 autem
961 3874 1029 3933 et
1088 3868 1555 3935 ordinationem
1613 3871 1985 3936 monasterii
2051 3870 2133 3937 de
2195 3870 2426 3936 Pesclo
2495 3893 2668 3956 papa
2734 3873 3037 3957 episcopo
3107 3870 3556 3937 abrenuntiare

681 3971 935 4038 debeat.

1057 4095 1106 4130 v.
1144 4075 1570 4147 Grottaferrata,
1607 4076 1754 4133 Mon.
1790 4096 1834 4134 s.
1858 4076 2069 4134 Mariae
2104 4097 2157 4133 n.
2187 4079 2268 4133 14.

1754 4352 2019 4422 civitas
2065 4352 2489 4420 Tusculana.

897 4510 1328 4575 Tusculanum
1372 4510 1869 4575 vetustissimam
1912 4512 2151 4595 repetit
2180 4512 2513 4596 originem.
2602 4510 2791 4576 Hane
2836 4512 3160 4576 civitatem
3204 4513 3258 4575 a'
3276 4510 3563 4576 Tertullo

680 4613 976 4680 Romano
1007 4614 1276 4698 patricio
1310 4621 1377 4679 et
1407 4620 1705 4679 senatore
1735 4614 1796 4679 b.
1829 4614 2185 4680 Benedicto
2219 4614 2521 4679 donatam
2553 4616 2769 4699 fuisse,
2816 4615 3112 4680 monachi
3143 4615 3566 4682 Sublacenses

684 4717 1190 4802 contendebant,
1250 4718 1367 4782 sed
1425 4717 1739 4783 famosam
1795 4721 1932 4784 eius
1995 4720 2408 4785 donationem
2465 4722 2720 4784 omnino
2769 4720 2999 4785 falsam
3044 4741 3186 4786 esse
3232 4742 3420 4786 nemo
3468 4728 3568 4786 est

685 4824 836 4908 quin
883 4821 1164 4900 dubitet;
1223 4830 1444 4887 carent
1501 4844 1757 4908 quoque
1813 4822 1941 4888 fide
1999 4825 2264 4910 antiqua
2320 4824 2692 4908 pontificum
2737 4824 3176 4889 Romanorum
3229 4826 3567 4911 privilegia

687 4927 1075 4992 monasterio
1122 4926 1497 4992 Sublacensi
1543 4948 1876 5013 concessa,
1922 4929 1988 4992 in
2036 4928 2263 5013 quibus
2310 4929 2533 4992 civitas
2578 4926 2941 4993 Tusculana
2985 4929 3151 4994 inter
3194 4930 3566 4995 monasterii

687 5031 1123 5116 possessiones
1181 5031 1592 5096 confirmatur
1644 5030 1752 5117 (cf.
1813 5033 1888 5097 P.
1935 5032 2130 5117 Egidi
2185 5034 2259 5097 L'
2298 5031 2566 5097 abbazia
2620 5031 3011 5098 Sublacense
3067 5055 3103 5098 e
3157 5033 3222 5097 la
3284 5035 3568 5117 signoria

687 5135 752 5200 di
798 5134 1072 5200 Tuscolo
1139 5137 1228 5201 in:
1298 5135 1496 5204 Asch.
1552 5135 1723 5202 della
1769 5136 1912 5202 Soc.
1958 5137 2149 5202 Rom.
2197 5136 2391 5202 XXV
2435 5135 2661 5222 (1902)
2709 5142 2833 5202 470
2858 5135 3004 5222 sq.).
3095 5136 3278 5202 Sacc.
3316 5138 3408 5220 X,
3465 5137 3568 5201 XI

689 5245 755 5304 et
797 5239 934 5304 XII
964 5241 1245 5336 =comites
1289 5240 1383 5304 illi
1427 5239 1509 5304 de
1563 5239 1924 5306 Tusculano
1973 5240 2474 5307 dominationem
2521 5242 2795 5307 civitatis
2852 5246 2919 5306 et
2971 5241 3272 5308 territorii
3316 5239 3567 5307 obtine-
