4055 6069
1607 429 1852 488 Fumone
1889 461 1954 472 -
1991 430 2288 487 Guarcino.
3270 440 3378 499 15¹

502 610 914 693 Bertrannus,
947 629 1102 674 avus
1127 608 1413 675 eiusdem
1444 608 1806 690 Bertranni‚
1838 628 1876 671 a
1907 606 2512 691 praedecessoribus
2543 610 2672 674 suis
2695 608 2997 676 habuisse
3027 613 3391 674 noscuntur.

505 751 588 760 —
634 712 797 779 Cum
844 735 961 799 per
1003 712 1530 778 misericordiam.

714 843 936 898 Oeneius
978 859 1022 896 c.
1060 849 1169 897 121.
1207 874 1272 882 —
1309 841 1456 897 Edd.
1506 842 1786 896 Muratori
1829 841 2019 909 Amiq,
2065 840 2168 895 111
2198 848 2315 897 229.
2389 841 2648 896 Livet-ani
2700 840 2838 913 Opp.
2885 843 2980 897 IV
3008 851 3117 899 150.
3190 843 3394 898 Γώνι-

504 928 788 983 Duchcsne
822 929 859 983 1
889 936 1007 984 401.
1044 959 1110 968 -
1146 928 1279 1001 Ray.
1304 928 1420 984 JL.
1460 958 1540 982 -.

879 1041 1112 1098 Cuinam
1148 1040 1402 1113 pontifici
1449 1040 1607 1096 bulla
1645 1041 1807 1105 haec,
1855 1057 1999 1109 quae
2046 1040 2357 1111 protocollo
2410 1044 2470 1097 et
2505 1043 2884 1100 eschatocollo
2938 1041 3162 1099 omnino
3219 1044 3389 1107 caret,

712 1128 1074 1186 attribuenda
1122 1128 1246 1184 est?
1345 1127 1713 1183 Honorium
1758 1127 1811 1181 11
1857 1145 1908 1183 a.
1954 1128 2088 1183 1125
2147 1128 2309 1197 quasi
2361 1131 2544 1184 totam
2587 1127 2956 1199 Campaniam
3010 1132 3190 1200 apost.
3244 1128 3391 1184 sedis

709 1215 956 1272 dominio
991 1214 1346 1288 subiugasse,
1395 1218 1588 1271 narrat
1623 1218 1820 1270 auctor
1857 1214 2056 1271 Chron.
2095 1214 2295 1271 Fossae
2331 1232 2510 1270 novae
2547 1216 2652 1282 (ed.
2678 1216 2952 1272 Muratori
2987 1214 3097 1271 Scr.
3124 1212 3231 1270 VII
3266 1215 3389 1283 868)

707 1302 827 1359 sive
862 1306 1001 1357 Anu.
1040 1303 1269 1358 Ceccan.
1309 1302 1414 1368 (ed.
1451 1301 1598 1357 Mon.
1637 1300 1817 1356 Germ.
1855 1302 1965 1356 Sor.
1991 1300 2122 1355 XIX
2151 1302 2290 1365 282).
2352 1300 2461 1356 Sed
2485 1301 2632 1357 inter
2655 1302 2881 1373 oppida,
2919 1320 3063 1372 quae
3086 1305 3391 1367 enumerat,

708 1391 881 1445 Fumo
927 1391 1136 1445 frustra
1178 1392 1480 1459 quaeritur.
1571 1389 1722 1444 Idem
1774 1392 1971 1444 auctor
2013 1389 2086 1443 ad
2123 1406 2173 1443 a.
2200 1390 2336 1444 1149
2371 1390 2566 1453 refert,
2612 1389 2940 1462 Gregorium
2991 1391 3390 1446 Fumonensem

707 1481 936 1548 captum
974 1475 1144 1532 fuisse
1180 1477 1253 1532 ab
1291 1475 1540 1548 Eugenio
1580 1476 1684 1540 111,
1740 1475 1837 1544 qui
1885 1475 1937 1531 ei
1993 1476 2233 1532 abstulit
2271 1475 2587 1532 Fumonem.
2659 1477 2732 1533 Et
2775 1476 2834 1531 in
2876 1476 3011 1532 Vita
3044 1476 3282 1548 Eugenii
3311 1477 3390 1532 111

708 1564 965 1636 legimus,
1022 1580 1230 1635 papam
1284 1580 1471 1618 arcem
1526 1563 1786 1618 Fumonis
1842 1562 2088 1618 dominio
2144 1564 2198 1618 b.
2238 1565 2389 1619 Petri
2445 1581 2798 1636 recuperasse
2852 1565 2992 1634 (Lib.
3048 1563 3248 1635 pontif.
3305 1564 3390 1619 ed.

708 1649 1000 1705 Duchesne
1037 1650 1091 1703 11
1127 1649 1269 1718 387).
1350 1649 1458 1705 Sed
1492 1666 1543 1704 a.
1574 1651 1706 1704 1149
1744 1654 1829 1704 est
1866 1668 1916 1704 a.
1954 1651 1986 1702 5
2027 1649 2386 1719 pontificatus
2421 1649 2557 1705 eius.
2630 1651 3011 1706 Alexander
3037 1651 3116 1705 111
3154 1649 3391 1719 denique

708 1754 759 1792 a.
789 1736 946 1800 1160,
994 1739 1140 1792 teste
1192 1738 1420 1793 auctore
1471 1736 1672 1791 Chron.
1724 1736 1925 1792 Fossae
1970 1753 2150 1791 novae
2198 1735 2316 1791 sive
2364 1739 2500 1791 Ann.
2539 1736 2799 1804 Ceccan.,
2853 1736 3158 1808 acquisivit
3210 1738 3391 1793 totam

708 1822 1073 1894 Campaniam
1120 1827 1179 1879 et
1221 1823 1379 1879 misit
1429 1823 1484 1878 in
1541 1841 1639 1879 suo
1686 1824 1822 1879 iure.
1903 1824 2064 1879 Anno
2108 1824 2470 1893 pontificatus
2516 1825 2541 1879 1
2592 1827 2652 1880 et
2695 1841 2745 1879 a.
2783 1824 2915 1879 1160
2959 1824 3107 1880 inter
3154 1841 3213 1880 se
3267 1840 3391 1879 con·

707 1909 1082 1975 cordantibus,
1121 1910 1334 1966 bullam
1372 1910 1689 1965 Alexandro
1728 1909 1805 1964 111
1842 1909 2270 1967 adscribendam
2307 1927 2424 1966 esse
2461 1912 2617 1981 puto.

1756 2204 2140 2274 Guarcino.

1544 2345 1907 2411 (Warcinum.
1967 2345 2348 2413 Guarcenum)

1174 2483 1495 2540 Castrum
1529 2480 1824 2536 Warcini
1870 2512 1938 2523 —
1984 2483 2306 2538 Ecclesia
2352 2502 2393 2536 s.
2423 2482 2714 2554 Agnelli.

610 2638 615 2642 ’
720 2639 796 2705 In
841 2642 1082 2727 oppido
1114 2641 1436 2707 Guarcino
1468 2640 1577 2721 (cf.
1610 2642 1908 2707 Marocco
1940 2642 2339 2707 Monumenti
2371 2642 2433 2707 V
2466 2646 2545 2707 87
2571 2665 2695 2728 sq.;
2741 2642 2994 2708 Moroni
3022 2641 3390 2707 Dizionario

501 2744 767 2809 XXVII
813 2747 970 2832 281)
1016 2745 1174 2812 duas
1220 2747 1527 2811 ecclesias
1573 2747 1869 2829 antiquas
1908 2748 2282 2829 invenimus,
2332 2769 2378 2810 s.
2411 2746 2767 2831 Michaelis,
2812 2746 2920 2810 ubi
2966 2745 3120 2810 olim
3164 2766 3388 2811 mona-

505 2849 768 2914 sterium
816 2871 865 2913 s.
894 2850 1115 2915 Lucae
1149 2851 1415 2933 exstitit,
1461 2856 1606 2914 ets.
1640 2850 1921 2934 Agnelli,
1968 2849 2156 2914 huius
2201 2850 2421 2934 oppidi
2450 2852 2724 2935 patroni.
2814 2850 3002 2915 Hanc
3048 2872 3096 2912 s.
3129 2850 3389 2935 Agnelli

500 2953 842 3018 ecclesiam
888 2954 1103 3018 colunt
1148 2953 1342 3019 hodie
1389 2953 1702 3018 moniales
1733 2953 1869 3017 ord.
1903 2976 1950 3017 s.
1983 2952 2340 3019 Benedicti.
2430 2954 2801 3033 Archivum,
2850 2954 3022 3040 quod
3068 2954 3156 3019 ibi
3186 2975 3388 3042 usque

499 3056 583 3121 ad
628 3079 686 3122 a.
736 3059 896 3122 1904
943 3060 1190 3123 exstitit
1238 3057 1348 3142 (cf.
1398 3057 1573 3123 Gott.
1618 3058 1855 3123 Nachr.
1910 3063 2064 3124 1901
2118 3081 2180 3144 p.
2224 3058 2390 3144 197),
2436 3061 2813 3125 translatum
2861 3066 2957 3124 est
3000 3060 3277 3125 Romam
3323 3062 3387 3124 in

499 3160 825 3225 archivum
879 3160 1204 3245 publicum
1268 3161 1680 3248 reipublicae.
1771 3162 1847 3226 In
1893 3161 2070 3228 bulla
2112 3162 2388 3227 Honorii
2431 3163 2538 3226 111
2582 3184 2638 3227 a.
2679 3167 2839 3228 1217
2886 3170 3047 3248 sept.
3083 3168 3163 3229 25
3210 3163 3387 3248 (edd.

499 3266 800 3330 Liverani
845 3264 1061 3350 Spicil.
1108 3264 1521 3332 Liberianum
1567 3287 1629 3350 p.
1666 3270 1788 3331 728
1822 3288 1880 3330 n.
1916 3270 1995 3331 25
2049 3289 2172 3349 „ex
2218 3267 2599 3332 authenticis
2632 3266 3019 3332 membranis
3065 3267 3387 3353 quondam

498 3371 871 3435 monasterii
914 3392 963 3432 s.
996 3370 1257 3455 Agnelli
1304 3372 1370 3434 in
1415 3391 1570 3455 agro
1619 3370 1922 3434 Guarcini
1968 3370 2034 3434 in
2079 3370 2464 3454 Campania,
2525 3393 2690 3436 nunc
2737 3392 2887 3436 vero
2936 3371 3106 3456 apud
3151 3373 3386 3437 sancti-

501 3475 815 3539 moniales
859 3476 1063 3539 sancti
1105 3475 1322 3539 Lucae
1370 3476 1433 3538 in
1480 3474 1710 3540 eodem
1759 3474 2040 3559 oppido“
2089 3502 2170 3532 =
2217 3474 2444 3559 Horoy
2489 3475 2761 3540 Honorii
2796 3476 2901 3539 ΠΙ
2949 3474 3116 3561 Opp.
3161 3476 3229 3540 Π
3261 3481 3385 3541 504

498 3600 559 3643 n.
595 3581 705 3655 353
767 3579 845 3642 cf.
893 3579 1208 3643 Pressutti
1264 3578 1428 3664 Reg.
1476 3577 1749 3643 Honorii
1796 3579 1901 3642 III
1956 3585 1999 3642 t.
2033 3579 2067 3641 I
2123 3581 2239 3644 138
2284 3600 2345 3642 n.
2383 3582 2526 3644 812.
2628 3579 2932 3644 Potthast
2973 3579 3138 3665 Reg.
3187 3581 3382 3663 5605)

497 3682 838 3748 laudantur
891 3683 1229 3768 privilegia
1283 3682 1639 3746 Alexandri
1688 3682 1791 3744 111
1847 3689 1912 3746 et
1969 3683 2153 3747 Lucii
2194 3682 2330 3765 111,
2400 3705 2558 3768 quas
2617 3705 2698 3748 ex
2760 3685 2914 3767 ipsis
2967 3684 3383 3769 autographis

495 3787 899 3872 praebemus.
975 3786 1074 3853 Cf.
1122 3787 1521 3852 Monterenzi
1565 3786 1928 3852 Cameralia
1957 3786 2082 3851 vol.
2114 3787 2176 3851 D
2222 3786 2434 3852 Roma
2463 3787 2660 3853 Arch.
2693 3789 2842 3853 Vat.
2874 3787 3055 3854 Arm.
3089 3786 3384 3854 XXXVI

500 3900 540 3958 t.
574 3898 613 3956 4
660 3892 702 3959 f.
736 3896 882 3956 480.

703 4064 757 4117 Δ
812 4086 876 4108 =
914 4062 1063 4135 Orig.
1108 4063 1283 4118 Roma
1319 4063 1484 4119 Arch.
1522 4062 1579 4117 di
1616 4065 1783 4118 stato.

496 4186 574 4249 *1
2895 4187 3299 4267 (1154—59)

494 4292 943 4359 Hadrianus
988 4292 1085 4356 IV
1130 4292 1425 4359 concedit
1468 4294 1533 4356 in
1578 4292 1839 4357 feudum
1883 4291 2399 4378 progenitoribus
2444 4291 2734 4356 Gratiani
2775 4289 3181 4356 Bellimontis
3227 4291 3381 4354 civis

493 4395 772 4461 Romani
825 4395 1242 4462 medietatem
1308 4398 1501 4461 castri
1547 4396 1835 4461 Warcini
1898 4397 2119 4480 eisque
2179 4396 2426 4482 obligat
2486 4397 2669 4461 titulo
2726 4396 3010 4481 pignoris
3065 4394 3377 4479 reliquam

496 4519 611 4582 pro
661 4499 938 4584 quadam
984 4521 1235 4565 summa
1279 4502 1611 4584 pecuniae.

701 4626 882 4680 Laud.
920 4628 982 4681 in
1026 4627 1232 4685 Urboeni
1266 4628 1365 4682 IV
1393 4628 1537 4682 bulla
1573 4646 1623 4682 a.
1653 4636 1782 4683 1263
1816 4628 1938 4681 mai.
1967 4635 2057 4681 27:
2099 4627 2224 4697 Ray.
2263 4627 2379 4683 Vat.
2407 4634 2443 4681 t.
2470 4636 2537 4682 27
2567 4630 2608 4695 f.
2636 4632 2718 4683 63¹
2757 4626 3018 4692 (Pocthast
3056 4625 3184 4696 Ray.
3213 4632 3384 4682 18642.

505 4713 759 4768 Guiraud
793 4714 898 4768 Les
929 4714 1171 4784 πρίω-ιε
1205 4712 1479 4770 d’Urbain
1514 4714 1608 4769 IV
1635 4719 1671 4769 t.
1702 4715 1743 4768 I
1768 4722 1833 4769 67
1865 4731 1920 4768 n.
1946 4716 2083 4782 238).
2119 4742 2187 4754 —
2225 4713 2352 4785 Req.
2392 4713 2499 4770 JL.
2541 4744 2620 4768 ——.

492 4890 538 4951 2
2427 4888 2770 4954 Ferentino
2818 4886 2985 4951 1175
3030 4907 3176 4970 auy.
3207 4885 3294 4949 25

493 4990 943 5056 Alexander
985 4990 1089 5054 III
1133 4992 1331 5057 Petro
1378 4992 1574 5076 priori
1621 4999 1773 5057 etc.:
1824 4991 2163 5057 ecclesiam
2194 5014 2242 5055 s.
2278 4992 2540 5079 Agnelli
2573 4992 2652 5057 de
2684 4991 2991 5056 Warcino
3024 4989 3141 5054 sub
3173 4994 3380 5075 apost.

493 5095 890 5178 protectione
953 5097 1246 5179 suscipit,
1323 5096 1658 5161 confirmat
1711 5097 2149 5179 possessiones
2204 5098 2479 5181 propriis
2536 5116 2874 5180 expressas
2931 5092 3259 5158 vocabulis
3314 5098 3381 5156 et

494 5196 787 5264 concedit
841 5200 940 5262 ius
994 5198 1347 5283 recipiendi
1400 5198 1666 5265 clericos
1730 5207 1797 5265 et
1841 5200 2039 5264 laicos
2085 5221 2121 5263 e
2176 5200 2434 5265 saeculo
2482 5200 2802 5285 fugientes
2869 5205 2935 5262 et
3001 5197 3375 5262 facultatem
