4055 6069
1637 432 1875 492 Corneto
1913 463 1976 476 —
2013 432 2209 491 Bieda.
3247 442 3372 506 205

487 614 526 673 1
2550 608 2799 676 Viterbo
2843 611 3014 676 1158
3056 610 3171 677 iul.
3206 614 3291 676 18

486 712 663 779 Gezo
719 713 801 779 de
844 713 1164 778 Damiano
1227 713 1467 778 refutat
1509 712 1916 779 Hadriano
1963 714 2061 779 IV
2122 713 2204 778 de
2258 714 2429 778 omni
2481 714 2619 780 iure
2658 722 2790 780 'seu
2846 716 3127 799 actione,
3182 737 3375 802 quam

486 816 686 883 habet
728 818 795 882 in
840 817 1068 901 domo,
1129 838 1293 902 quae
1348 818 1592 883 rciacet
1648 818 1713 881 in
1758 825 1965 883 castro
2024 840 2084 903 q.
2117 839 2177 880 v.
2225 816 2446 902 Orcle‚
2502 820 2682 884 iuxta
2736 820 2957 884 turrim
3014 841 3246 905 papae.
3291 860 3376 868 —-

485 921 631 986 Hoc
662 928 873 987 actum
923 927 1022 987 est
1064 924 1130 986 in
1161 928 1369 986 castro
1402 920 1677 986 Viterbii
1727 971 1739 985 .
1776 971 1790 986 .
1836 923 1901 986 in
1941 921 2235 986 manibus
2265 921 2538 986 Bosonis
2578 922 2742 988 diac.
2788 923 2961 988 card.
2994 945 3075 987 ss.
3101 923 3375 989 Oosmae

486 1034 554 1092 et
595 1027 899 1092 Damiani
943 1033 1011 1092 et
1052 1026 1116 1091 d.
1162 1049 1271 1112 pp.
1320 1028 1675 1108 camerarii,
1729 1032 1804 1091 15
1836 1026 1966 1091 kal.
1998 1048 2169 1112 aug.,
2215 1048 2273 1091 a.
2304 1028 2424 1091 inc.
2466 1028 2649 1110 1158,
2693 1025 3010 1092 Hadriani
3040 1026 3180 1091 1111
3223 1048 3283 1091 a.
3315 1033 3375 1110 4,

488 1152 574 1197 m.
620 1130 755 1216 iul.,
798 1130 928 1195 ind.
976 1134 1038 1196 6.
1085 1166 1163 1179 -
1211 1130 1354 1215 Ego
1400 1130 1722 1196 Iohannes
1767 1130 1829 1196 S.
1863 1130 1943 1196 R.
1974 1130 2052 1195 Ε.
2098 1136 2231 1195 not.
2279 1131 2616 1215 complevi.

691 1242 927 1297 Albinus
960 1242 1045 1297 tib.
1075 1242 1173 1296 XI
1202 1258 1247 1297 c.
1270 1248 1357 1297 46.
1414 1240 1644 1297 Oeneius
1677 1258 1720 1297 c.
1748 1246 1854 1297 113.
1890 1272 1957 1283 —-
1992 1240 2139 1296 Edd.
2182 1242 2465 1296 Muratori
2502 1241 2686 1309 Antiq,
2726 1242 2763 1295 Ι
2792 1248 2908 1297 679.
2991 1242 3217 1296 Theiner
3252 1241 3376 1298 God.

484 1327 613 1396 dipl.
637 1327 775 1384 dom.
800 1333 952 1397 temp.
989 1328 1032 1382 1
1057 1334 1119 1383 18
1151 1345 1209 1382 n.
1232 1334 1298 1383 24
1333 1343 1399 1384 a
1424 1327 1472 1382 c
1498 1328 1543 1395 f.
1567 1333 1655 1383 ιε.
1715 1326 1874 1381 Pina·
1909 1326 2089 1381 storia
2122 1325 2180 1387 «u
2216 1326 2424 1381 viterbo
2460 1326 2497 1379 1
2528 1334 2624 1381 147
2654 1331 2764 1381 not.
2791 1335 2836 1383 2.
2897 1306 3380 1383 Fame-naam

487 1414 524 1467 1
552 1418 670 1469 396.
707 1444 774 1455 —-
812 1414 948 1485 13⁶9.
988 1413 1096 1470 JL.
1135 1444 1219 1470 —.

1745 1612 2122 1687 BIEDA.

1686 1725 1895 1792 (mm
1950 1724 2163 1794 Bleda)

694 1846 975 1919 Ughelli
1014 1850 1035 1881 ²
1071 1846 1164 1901 X·
1198 1847 1281 1903 29.
1338 1877 1403 1887 —
1457 1845 1697 1917 Giorgi
1740 1845 1883 1901 Diss.
1928 1845 2060 1901 hist.
2113 1846 2182 1901 de
2228 1845 2500 1901 cathedra
2545 1845 2717 1917 episc.
2761 1844 2949 1903 Setiae
2998 1863 3053 1916 p.
3090 1847 3159 1900 49
3193 1864 3275 1915 sq.
3313 1876 3377 1888 —

489 1934 692 1991 Fedele
726 1932 1015 1990 Alberti
1067 1933 1255 1989 Storia
1303 1933 1361 1988 di
1411 1932 1587 1989 Bieda
1631 1932 1776 1989 citta¹
1810 1931 2202 1989 antichissima
2250 1932 2401 1990 della
2443 1933 2698 1988 Toscaua
2744 1931 3133 1989 suburbicaria
3178 1932 3380 2003 (Roma

493 2021 667 2088 1822).
719 2051 783 2061 —
841 2019 1287 2092 Cappelletti
1323 2020 1402 2074 VI
1453 2019 1554 2077 180
1583 2037 1665 2090 sq.
1720 2048 1787 2061 —
1837 2018 2114 2075 Moroni
2165 2018 2485 2075 Dizionario
2521 2019 2572 2072 V
2617 2020 2743 2084 243;
2798 2018 2896 2074 CII
2937 2020 3035 2076 146
3067 2037 3149 2089 sq.
3203 2049 3271 2060 -
3313 2019 3379 2075 G.

496 2106 558 2160 Β.
596 2105 687 2161 De
723 2104 919 2162 Rossi
967 2106 1231 2164 Memoris
1276 2124 1307 2163 e
1342 2107 1691 2163 monumenti
1727 2105 1946 2161 antichi
1983 2106 2236 2162 cristiani
2272 2107 2331 2161 di
2369 2107 2542 2162 Bieda
2578 2106 2636 2160 in
2671 2106 2879 2161 Tuscia.
2913 2105 2998 2161 in:
3046 2105 3280 2162 Bullett.
3321 2106 3377 2161 di

490 2191 731 2248 archeol.
769 2192 921 2249 crist.
958 2192 1070 2249 Ser.
1111 2193 1186 2249 IV
1222 2209 1273 2248 a.
1301 2193 1351 2249 V
1387 2193 1568 2263 (1887)
1603 2195 1769 2262 9089.

696 2330 1192 2387 Monasterium
1229 2361 1295 2372 —
1331 2330 1764 2402 Epiphanius
1802 2330 2120 2388 defensor
2156 2331 2446 2388 Tusciae
2482 2361 2546 2373 -
2585 2331 2761 2387 Eccl.
2797 2349 2841 2386 s.
2866 2329 3172 2387 Sentiae.

705 2468 901 2535 Blera
945 2471 1078 2536 sive
1124 2470 1333 2536 Bleda
1378 2470 1686 2555 oppidum
1733 2472 1798 2534 in
1842 2472 1946 2535 via
1991 2469 2255 2556 Clodia,
2313 2469 2641 2536 Sabiniani
2694 2488 2907 2555 papae
2952 2471 3163 2554 patria
3206 2466 3378 2554 (Lib.

492 2572 718 2657 pontif.
789 2573 891 2639 ed.
946 2573 1291 2640 Duchesne
1338 2573 1372 2637 Ι
1418 2578 1574 2651 315;
1632 2574 1994 2639 Mommsen
2053 2596 2114 2659 p.
2154 2571 2339 2659 163),
2396 2573 2548 2637 olim
2611 2573 2940 2657 proprium
3008 2574 3381 2657 episcopum

491 2675 717 2741 habuit
762 2676 872 2762 (cf.
919 2676 1262 2744 Duchesne
1308 2680 1373 2741 in
1416 2678 1612 2743 Arch.
1661 2677 1835 2743 della
1879 2677 2022 2742 Soc.
2070 2677 2259 2742 Rom.
2305 2676 2435 2742 XV
2466 2677 2641 2762 493).
2732 2675 2862 2743 Sed
2907 2677 3036 2741 iam
3081 2697 3250 2742 saec.
3281 2675 3383 2741 XI

495 2780 843 2846 Bleranam
890 2781 1239 2847 dioecesim
1283 2783 1528 2847 unitam
1575 2782 1771 2848 fuisse
1817 2788 2070 2847 constat
2112 2781 2510 2866 episcopatui
2557 2780 2969 2845 Tuscanensi.

708 2884 1133 2970 Temporibus
1179 2885 1477 2972 Gregorii
1522 2886 1558 2949 I
1613 2887 2073 2951 monasterium
2131 2887 2199 2949 in
2249 2887 2506 2950 civitate
2553 2883 2835 2949 Blerana
2888 2884 3242 2969 exstitisse,
3299 2906 3382 2950 ex

494 2985 877 3053 documento
930 3010 992 3054 n.
1032 2994 1059 3054 1
1119 2996 1409 3074 apparet.
1502 2988 1633 3055 Sed
1693 2989 1774 3056 de
1830 2990 1968 3055 eius
2013 2987 2271 3054 fortuna
2313 2987 2472 3053 nihil
2518 2987 2694 3054 aliud
2739 2989 2972 3053 scimus
3016 2984 3126 3072 (cf.
3172 2985 3382 3052 Lubin

492 3113 554 3177 p.
590 3092 720 3177 52).
812 3093 942 3157 Pro
988 3093 1110 3158 hac
1156 3094 1444 3176 civitate,
1505 3116 1545 3159 a
1588 3093 1988 3179 Liutprando
2047 3114 2202 3179 rege
2245 3092 2822 3177 Langobardorum
2867 3093 3120 3158 circiter
3164 3113 3221 3156 a.
3257 3097 3380 3156 740

495 3203 827 3281 occupata,
876 3197 1227 3283 Gregorius
1253 3198 1359 3262 111
1405 3200 1723 3284 episcopis
1768 3200 1834 3262 in
1865 3199 2098 3263 Tuscia
2129 3196 2704 3281 Langobardorum
2746 3198 3103 3263 constitutis
3133 3197 3385 3280 scripsit

494 3299 584 3385 (J.
640 3304 822 3366 1736.
893 3301 1012 3366 JE.
1062 3301 1280 3388 2253).
1369 3302 1469 3366 Ibi
1513 3303 1799 3367 maxima
1844 3323 1987 3367 cum
2032 3303 2446 3367 veneratione
2494 3300 2824 3367 colebatur
2868 3322 2916 3364 s.
2951 3300 3204 3365 Sentias
3248 3301 3383 3364 sive

493 3425 543 3468 s.
589 3403 903 3489 Sinzigius
958 3404 1164 3490 (cuius
1222 3413 1367 3471 acta
1423 3428 1527 3492 ap.
1574 3407 1743 3471 Acta
1788 3405 1900 3470 SS.
1933 3404 2033 3470 VI
2076 3406 2223 3470 mai.
2258 3405 2399 3492 25),
2455 3406 2721 3490 eiusque
2776 3404 3088 3470 ecclesiae
3140 3403 3381 3468 mentio

495 3527 749 3592 quoque
788 3506 862 3571 fit
904 3509 969 3571 in
998 3508 1153 3574 Vita
1195 3510 1435 3574 Leonis
1468 3509 1580 3594 IV,
1629 3510 1736 3594 qui
1781 3529 1925 3573 eam
1973 3508 2365 3573 ornamentis
2411 3507 2739 3573 decoravit
2783 3506 2955 3593 (Lib.
3000 3506 3228 3593 pontif.
3277 3505 3379 3571 ed.

493 3609 836 3677 Duchesne
882 3612 951 3675 H
1003 3612 1173 3699 125).
1261 3612 1554 3678 Eandem
1606 3634 1750 3678 esse
1810 3619 1965 3698 puto
2026 3633 2102 3677 ac
2147 3613 2488 3678 ecclesiam
2533 3635 2582 3676 s.
2616 3612 2850 3697 Cinzii,
2907 3634 3072 3698 quae
3126 3616 3387 3676 notatur

495 3713 576 3881 111}
621 3713 860 3903 Alb)ino
916 3722 983 3782 et
1034 3716 1273 3783 Cencio
1336 3717 1453 3782 sub
1499 3719 1875 3803 episcopatu
1919 3716 2311 3782 Tuscanensi
2357 3715 2489 3801 (ed.
2534 3715 3144 3782 Fabre-Duchesne
3190 3715 3224 3779 Ι
3270 3720 3406 3792 56;·

616 3824 734 3884 110
780 3841 793 3881 :
3103 3853 3116 3864 .

914 3906 1249 3992 „Ecclesia
1295 3908 1498 3973 sancti
1543 3906 1730 3972 Sintii
1776 3904 2026 3995 [Oinzii]
2074 3906 2137 3972 V
2183 3906 2423 3972 solidos
2470 3903 2968 3994 [Lucensium]“.

496 4008 597 4073 Ex
643 4008 931 4075 eiusdem
979 4009 1200 4076 Oencii
1243 4010 1440 4076 Libro
1487 4032 1790 4077 censuum
1837 4010 1900 4075 S.
1931 4011 2011 4076 R.
2044 4010 2121 4076 E.
2168 4013 2619 4096 comperimus,
2665 4017 2943 4076 castrum
2990 4033 3051 4096 q.
3082 4031 3141 4075 V.
3175 4009 3384 4076 Bleda

495 4133 553 4177 a.
594 4116 755 4178 1265
802 4120 963 4199 sept.
1001 4117 1082 4178 25
1131 4120 1197 4179 et
1238 4134 1297 4179 a.
1339 4116 1499 4180 1267
1533 4122 1715 4179 mart.
1751 4118 1833 4179 29
1879 4136 1919 4179 a
1949 4114 2286 4180 Clemente
2319 4114 2412 4178 IV
2457 4113 2657 4179 Petro
2689 4113 2771 4179 de
2802 4112 2966 4178 Vico
3013 4134 3384 4179 concessum

497 4235 637 4281 esse
684 4214 1302 4302 (Fabre-Duchesne
1349 4218 1383 4282 I
1428 4223 1528 4284 56.
1577 4223 1741 4297 452;
1787 4219 1857 4282 Π
1904 4219 2036 4303 36).

711 4389 1011 4477 Gregorii
1056 4391 1090 4455 Ι
1159 4390 1247 4478 (n.
1287 4392 1350 4477 1)
1417 4397 1484 4457 et
1548 4392 1820 4458 Honorii
1866 4393 1899 4457 I
1961 4392 2053 4478 (n.
2100 4391 2170 4476 2)
2236 4392 2547 4477 rescripta
2613 4412 2699 4456 ex
2763 4391 3044 4476 ipsorum
3112 4393 3385 4477 regestis

496 4495 845 4560 hausimus.
932 4494 1352 4582 Privilegium
1395 4517 1550 4562 vero
1595 4497 1780 4562 Lucii
1809 4497 1878 4560 H
1923 4496 2281 4561 invenimus
2324 4497 2491 4560 inter
2521 4494 2776 4560 chartas
2805 4495 3118 4560 ecclesiae
3164 4495 3383 4559 cathe-

496 4596 690 4664 dralis
734 4599 1177 4665 Viterbiensis.

719 4763 776 4816 Β
807 4786 872 4810 ==
909 4762 1043 4834 Cop.
1083 4762 1315 4819 Viterbo
1352 4764 1520 4819 Arch.
1557 4763 1886 4835 capitolare.

498 4870 537 4930 1
2928 4867 3087 4950 (599
3130 4867 3298 4945 ian.)

498 4970 930 5056 Gregorius
992 4971 1026 5034 I
1102 4970 1394 5056 Eugenio
1474 4973 1726 5036 notario
1802 4971 2155 5057 (defensori
2236 4970 2566 5057 Tusciae):
2650 4972 2990 5056 praecipit,
3070 4976 3384 5057 quatenus

498 5074 828 5139 monachis
880 5076 945 5138 in
988 5075 1271 5139 Blerana
1326 5076 1583 5142 civitate
1638 5075 2065 5160 appendicem
2125 5096 2186 5160 q.
2234 5073 2294 5139 d.
2350 5076 2624 5160 Agellus
2678 5096 2761 5140 ex
2817 5096 3086 5160 corpore
3130 5095 3382 5140 massae

499 5177 897 5243 Gratilianae
958 5202 1099 5244 cum
1157 5180 1285 5243 suis
1328 5178 1557 5243 finibus
1603 5180 1840 5246 debeat
1885 5179 1965 5244 de
2012 5182 2335 5263 praesenti
2389 5179 2800 5264 contradere,
2848 5180 3021 5265 quod
3068 5182 3160 5244 eis
3205 5179 3383 5247 salvo
