4055 6069
640 521 666 580 l
683 520 759 581 18
1959 514 2199 571 Latium.

1643 827 1906 896 Civitas
1951 828 2514 897 Tarracinensis.

849 986 1196 1051 Terracina
1250 988 1472 1051 civitas
1529 985 1610 1050 ab
1665 985 1999 1051 Hadriano
2048 986 2079 1048 I
2142 986 2201 1050 b.
2236 987 2414 1051 Petri
2468 987 2749 1051 dominio
2808 985 3147 1071 subiugata
3200 985 3311 1072 (cf.
3359 987 3518 1053 Cod.

634 1090 845 1154 Carol.
896 1112 996 1175 ep.
1031 1094 1111 1154 64
1159 1091 1223 1153 in
1269 1090 1439 1155 Mon.
1489 1088 1706 1154 Germ.
1756 1089 1920 1174 Epp.
1967 1089 2072 1153 ΠΙ
2117 1094 2271 1167 591;
2320 1090 2400 1153 cf.
2435 1112 2535 1174 ep.
2570 1096 2673 1175 61,
2720 1090 2761 1153 l.
2800 1111 2852 1154 c.
2886 1090 2989 1154 ΠΙ
3035 1090 3211 1176 588),
3259 1113 3316 1156 a.
3357 1096 3519 1156 1000

633 1215 673 1256 a
731 1191 1038 1258 Silvestro
1085 1193 1154 1256 II
1216 1193 1505 1258 Daiferio
1553 1195 1802 1275 comiti,
1872 1215 1928 1257 a.
1979 1198 2129 1259 1071
2210 1193 2291 1257 ab
2348 1194 2725 1258 Alexandro
2771 1194 2841 1258 Π
2894 1194 3234 1259 Desiderio
3301 1195 3519 1260 abbati

634 1298 965 1362 Casinensi
1012 1297 1110 1381 (ut
1149 1298 1425 1382 legimus
1469 1299 1534 1361 in
1565 1297 1800 1362 Chron.
1834 1297 2079 1362 Cassin.
2114 1297 2222 1361 lib.
2256 1297 2361 1361 III
2406 1318 2460 1361 c.
2494 1297 2606 1383 36)
2652 1296 3040 1363 conceditur.
3109 1298 3520 1383 Recuperata

633 1401 718 1466 ab
762 1401 1054 1486 Eugenio
1103 1401 1206 1465 III
1252 1424 1309 1465 a.
1352 1407 1513 1466 1150
1560 1423 1702 1465 nov,
1728 1405 1819 1479 ‚26
1866 1400 2128 1486 (Ohron.
2177 1401 2418 1466 Fossae
2465 1423 2671 1466 novae
2718 1401 2817 1467 ed.
2866 1403 3176 1467 Muratori
3222 1402 3355 1468 Ser.
3390 1403 3519 1468 VII

634 1509 758 1570 870
806 1507 937 1570 sive
1005 1508 1170 1570 Ann.
1217 1505 1570 1571 Ceccanen.
1621 1505 1721 1570 ed.
1770 1506 1939 1570 Mon.
1990 1505 2208 1570 Germ.
2258 1506 2390 1570 Scr.
2438 1506 2605 1570 XIX
2650 1510 2774 1572 283
2837 1513 2903 1571 et
2955 1507 3098 1573 Lib.
3144 1507 3368 1591 pontif.
3417 1506 3517 1571 ed.

632 1609 975 1674 Duchesne
1021 1610 1090 1673 II
1136 1610 1311 1695 387),
1357 1618 1503 1694 post
1548 1612 1683 1675 eius
1729 1610 1971 1674 obitum
2018 1613 2083 1674 in
2127 1611 2476 1674 dominium
2524 1610 2955 1695 Fraiapanum
2988 1611 3238 1688 cecidit,
3287 1610 3515 1695 quibus

633 1715 762 1777 iam
808 1712 1118 1779 Celestini
1161 1714 1229 1777 Π
1289 1714 1686 1799 temporibus
1741 1715 2016 1779 civitatis
2072 1714 2387 1797 redditus,
2448 1735 2607 1799 quos
2664 1715 2937 1780 ecclesia
2987 1715 3284 1780 Romana
3330 1715 3395 1778 in
3441 1736 3519 1779 ea

634 1816 873 1882 habere
942 1820 1299 1902 consuevit,
1368 1820 1651 1883 concessi
1715 1819 1968 1883 fuerant
2025 1817 2135 1903 (cf.
2192 1816 2517 1882 Libellum
2576 1819 2912 1903 querulum
2966 1819 3518 1883 Tarracinensium

633 1928 854 1986 contra
898 1922 1313 2006 Fraiapanes‚
1362 1944 1552 2008 quem
1600 1923 1701 1987 ed.
1735 1921 2070 1987 Contatori
2114 1945 2177 2006 p.
2211 1926 2292 1987 52
2342 1944 2425 1986 ex
2471 1922 2694 1986 charta
2725 1944 2903 2006 perg.
2937 1923 3108 1986 arch.
3143 1922 3517 2006 Terracin.).

633 2026 1058 2107 Documenta,
1106 2047 1272 2111 quae
1303 2026 1385 2090 ad
1413 2026 1809 2110 Fraiapanes
1840 2032 2153 2111 spectant,
2201 2027 2331 2090 iam
2365 2025 2599 2111 collegi
2644 2028 2709 2089 in
2740 2028 2948 2111 primo
2978 2026 3300 2091 volumine
3333 2025 3519 2090 huius

634 2130 846 2212 operis
892 2152 952 2214 p.
993 2134 1104 2193 191
1136 2152 1231 2214 sq.
1281 2129 1539 2214 (Roma,
1588 2129 1764 2194 Gens
1808 2130 2222 2214 Fraiapana).
2300 2129 2487 2194 Circa
2534 2130 2863 2194 archivum
2910 2131 2988 2195 cf.
3024 2123 3232 2216 'supra
3275 2153 3337 2215 p.
3378 2133 3515 2193 113.

637 2303 675 2364 1
3095 2303 3223 2366 592
3264 2324 3400 2367 nov.

635 2405 1075 2492 Gregorius
1128 2407 1162 2471 I
1222 2407 1429 2490 cler0,
1498 2408 1706 2472 ordini
1767 2415 1832 2472 et
1887 2407 2063 2494 plebi
2120 2409 2491 2473 consistenti
2550 2408 2921 2472 Terracina:
2988 2306 3520 2489 coinmonet‚)ut

633 2511 943 2596 Agnello,
1004 2532 1043 2575 a
1081 2532 1228 2587 ‚sese
1276 2511 1666 2576 cardinalem
1714 2511 2117 2577 sacerdotem
2164 2513 2527 2594 constituto,
2591 2510 3068 2577 oboedientiam
3117 2513 3183 2575 in
3228 2509 3520 2575 omnibus

635 2614 949 2699 praebere
996 2614 1295 2679 debeant.

1014 2743 1063 2779 v.
1101 2724 1416 2789 Terracina,
1454 2724 1636 2794 Episc.
1674 2743 1726 2779 n.
1753 2725 1802 2779 6.

632 2828 715 2889 *2
3047 2832 3174 2894 598
3216 2851 3267 2894 a*
3354 2830 3403 2895 Ἰ.

633 2931 1068 3019 Gregorius
1114 2934 1148 2997 Ι
1190 2935 1416 2999 Mauro
1463 2956 1520 2997 v.
1569 2934 1646 2999 cl.
1695 2936 1938 3000 comiti:
2001 2933 2293 3016 mandat,
2341 2940 2411 2998 ut
2453 2935 2735 3019 Agnello
2783 2958 2882 3022 ep.
2932 2833 3169 3001 debeat
3212 2832 3519 3000 adzibizre

632 3036 864 3102 solatia
908 3039 973 3101 in
1003 3039 1334 3123 punitione
1366 3060 1609 3123 eorum,
1657 3041 1765 3125 qui
1797 3038 2062 3104 arbores
2094 3038 2314 3103 colunt
2358 3046 2425 3104 et
2454 3040 2655 3105 multa
2700 3042 2829 3105 alia
2860 3047 3081 3105 contra
3111 3040 3521 3104 christianam

631 3141 827 3206 fidem
873 3141 1114 3206 inlicita
1159 3148 1553 3227 perpetrant.

1009 3270 1063 3308 v.
1089 3252 1406 3318 Terracina,
1443 3252 1627 3323 Episc.
1665 3271 1717 3306 n.
1743 3254 1792 3308 8.
1842 3283 1908 3292 —
1944 3254 2065 3309 Hoc
2100 3258 2381 3324 regestum
2417 3254 2510 3308 hic
2547 3254 2889 3320 iteravimus,
2927 3253 3062 3323 quia
3098 3253 3325 3308 Maurus
3364 3272 3413 3310 v.
3451 3254 3520 3310 cl.

841 3355 1023 3393 comes
1059 3337 1316 3394 tribunus
1353 3337 1523 3394 castri
1563 3338 1897 3394 Terracinae
1935 3339 2106 3396 fuisse
2143 3339 2378 3395 videtur.

684 3446 728 3507 3
3062 3445 3409 3509 996—99?

635 3448 1070 3635 Gregorius
1116 3545 1196 3636 [V
1212 3545 1260 3633 ἲ]
1329 3548 1895 3613 Terracinensibus
1962 3549 2287 3614 omnibus:
2358 3548 2651 3614 concedit
2718 3445 3067 3647 civitatem(
3109 3449 3522 3614 Terracinam

637 3674 781 3718 cum
828 3655 998 3717 omni
1046 3674 1257 3718 rerum
1304 3655 1551 3719 ratione
1598 3660 1666 3719 et
1711 3653 1971 3719 datione
2016 3661 2084 3719 et
2110 3653 2553 3741 vectigalibus,
2600 3654 3010 3735 constituens,
3056 3660 3129 3718 ut
3158 3654 3525 3718 actionariis

639 3756 703 3821 S.
751 3755 831 3821 R.
875 3755 951 3822 E.
1014 3760 1050 3823 3
1090 3758 1226 3822 auri
1288 3758 1404 3822 sol.
1461 3758 1925 3842 persolvantur.
1971 3794 2058 3805 -—
2105 3759 2267 3824 Oum
2322 3765 2540 3823 tantae
2585 3758 3054 3822 immensitatis.
3145 3756 3278 3821 Ser.
3324 3779 3388 3842 p.
3438 3779 3522 3822 m.

638 3859 940 3923 Iohannis
986 3861 1170 3925 scrin.
1203 3858 1266 3924 S.
1298 3859 1376 3924 R.
1412 3859 1507 3944 E„
1556 3863 1620 3924 in
1666 3883 1748 3926 m.
1797 3863 1944 3946 ian.‚
1993 3862 2121 3926 ind.
2163 3867 2258 3926 14.
2349 3861 2498 3926 Dat.
2549 3866 2584 3925 7
2617 3861 2746 3925 kal.
2795 3862 2919 3925 ian.
2967 3883 3028 3945 p.
3061 3881 3146 3923 m.
3219 3861 3523 3926 Iohannis

637 3986 739 4048 ep.
788 3971 854 4029 et
895 3963 1048 4029 bibl.
1096 3989 1145 4028 s.
1179 3964 1349 4029 sedis
1395 3973 1623 4050 apost„
1669 3989 1726 4030 a.
1774 3973 1949 4051 pont.
1999 3966 2060 4030 d.
2094 3965 2394 4053 Gregorii
2441 3988 2519 4030 ss.
2554 3987 2661 4050 pp.
2696 3968 2755 4049 2,
2802 3967 2867 4030 in
2899 3985 3117 4030 mense
3167 3971 3234 4029 et
3276 3964 3406 4029 ind.
3441 3987 3522 4028 ss.

845 4073 1030 4145 [Oriq.
1066 4074 1244 4143 speum
1285 4079 1334 4127 et
1367 4073 1478 4128 duo
1512 4076 1831 4146 apoqrapha
1874 4092 1924 4129 a.
1963 4082 2094 4131 1273
2142 4079 2193 4129 et
2238 4092 2289 4130 a.
2325 4081 2454 4129 1490
2495 4074 2777 4129 astabant
2822 4075 3098 4130 etiamtum
3142 4092 3194 4129 a.
3233 4077 3403 4145 1781J.
3458 4106 3524 4114 —

637 4158 785 4214 Edd.
827 4158 1105 4214 Cantator-i
1131 4177 1191 4228 p.
1216 4166 1308 4215 163
1343 4183 1408 4206 =
1453 4159 1646 4232 Giorqi
1672 4180 1732 4232 p.
1761 4170 1819 4217 76
1852 4178 1907 4215 n.
1933 4169 1978 4217 2.
2018 4192 2084 4202 —-
2124 4161 2254 4230 Rey,
2293 4161 2402 4216 JL.
2440 4191 2521 4216 —-.

1017 4255 1367 4327 Spurium,
1413 4256 1727 4312 confectum
1761 4256 1974 4312 auxilio
2010 4255 2266 4312 Silvestri
2304 4257 2357 4310 11
2402 4257 2592 4312 bullae
2626 4275 2728 4328 pro
2765 4256 3038 4323 Daiferi0,
3086 4256 3231 4313 unde
3264 4256 3526 4313 falsarius

847 4340 1192 4412 deprompsit
1245 4346 1461 4411 partem
1532 4346 1720 4398 textus
1784 4346 1843 4398 et
1903 4347 2066 4398 notas
2121 4342 2561 4413 chronologicas,
2651 4342 2885 4398 Cuinam
2936 4343 3205 4415 Gregorio
3258 4361 3353 4413 pp.
3419 4344 3525 4399 hoc

845 4427 1094 4497 spurium
1131 4428 1487 4483 tribuendum
1524 4429 1615 4494 sit,
1652 4429 1755 4484 sub
1793 4428 1895 4484 lite
1930 4432 2148 4494 manet;
2188 4427 2497 4494 Contatnri,
2542 4429 2783 4485 fueritne
2809 4429 2887 4484 VI
2913 4448 2985 4485 an
3010 4429 3134 4494 VII,
3171 4447 3229 4484 se
3265 4427 3523 4501 ignorare

846 4513 1128 4570 confessus
1171 4517 1283 4577 est;
1332 4513 1527 4584 Giorgi
1569 4513 1783 4569 bullam
1827 4513 2093 4586 Gregorio
2129 4514 2235 4583 VI,
2293 4515 2612 4569 Bethmann
2658 4515 2885 4583 (Archiv
2922 4516 3030 4569 XII
3066 4515 3190 4584 482)
3245 4518 3303 4570 et
3350 4515 3432 4570 De
3471 4515 3526 4569 la

844 4599 1154 4656 Blanchere
1189 4619 1245 4670 p.
1275 4601 1366 4655 181
1421 4599 1687 4672 Gregorio
1724 4600 1828 4654 VII
1865 4600 2299 4671 adscripserunt.
2352 4633 2418 4641 —-
2472 4602 2626 4656 Inter
2670 4601 3041 4657 instrumenta
3096 4600 3523 4657 Terracinensia

846 4686 1000 4754 (olim
1036 4688 1169 4742 fasc.
1200 4688 1243 4741 E
1277 4706 1329 4742 n.
1356 4688 1424 4757 6),
1462 4704 1606 4756 quae
1641 4687 1826 4744 relata
1859 4691 1990 4743 sunt
2025 4686 2084 4741 in
2120 4687 2492 4743 inventarium
2542 4706 2593 4743 a.
2621 4688 2753 4743 1781
2780 4706 2835 4758 p.
2866 4689 2997 4754 104,·
3025 4688 3215 4744 inveni
3251 4687 3521 4758 scriptum

844 4773 1140 4843 quoddam,
1178 4774 1268 4829 cui
1304 4775 1504 4830 titulus
1545 4773 1809 4840 „Factum
1848 4773 2380 4840 Terracinensium“,
2417 4773 2718 4844 incipiens:
2768 4775 2935 4840 „Cum
2970 4773 3206 4830 Romani
3233 4773 3526 4844 pontifices

845 4859 1126 4927 Silvester,
1164 4860 1462 4932 Gregorius
1487 4865 1545 4917 et
1569 4860 1906 4917 Benedictus
1930 4864 2099 4927 etc.“;
2135 4861 2319 4916 nescio
2355 4879 2500 4928 vei-0,
2539 4861 2762 4917 cuinam
2787 4860 3167 4918 Benedicto
3198 4861 3525 4926 attribuam,

847 4947 1002 5003 nullo
1038 4947 1153 5003 alio
1190 4947 1521 5003 documento
1559 4946 1626 5003 de
1662 4947 1980 5003 huiusmodi
2017 4946 2316 5019 privilegio
2352 4946 2690 5003 mentionem
2724 4946 2985 5004 faciente.

639 5058 802 5225 {eo
850 5156 950 5222 IX
1007 5156 1333 5243 I(ohanni)
1396 5178 1497 5241 ep.
1558 5164 1624 5222 et
1680 5157 1974 5222 omnibus
2029 5157 2374 5222 Terracina
2426 5159 2652 5242 positis
2704 5158 2807 5222 vel
2866 5161 2929 5222 in
2982 5159 3119 5223 eius
3177 5052 3527 5222 cbffibus

648 5284 697 5326 s.
729 5261 912 5328 Petri
960 5263 1218 5347 suisque
1263 5260 1590 5331 fidelibus:
1652 5262 1997 5348 praecipit,
2053 5268 2124 5326 ut
2167 5262 2375 5326 nullus
2430 5261 2863 5348 privilegium,
2923 5262 3096 5349 quod
3139 5263 3526 5328 monasterio
