4055 6069
666 490 787 555 164
856 452 870 469 ’
1978 482 2221 544 Latium.

661 663 963 747 pactione
1009 664 1113 729 vel
1158 662 1550 749 obligatione
1595 665 1954 743 iuramenti,
1998 664 2334 729 Romanae
2374 664 2686 729 ecclesiae
2730 666 2795 730 in
2840 664 3132 731 omnibus
3175 666 3311 731 iure
3343 664 3538 730 salvo.

661 803 747 815 -
789 765 897 831 Ad
943 765 1336 832 audientiam
1383 767 1798 852 apostolatus.
1888 765 2040 832 Dat.
2086 768 2229 833 Lat.
2277 771 2317 833 6
2347 768 2433 833 id.
2479 769 2603 834 ian.

874 876 1067 933 mm.
1113 878 1287 933 bullae
1326 877 1576 950 Greyorii
1610 879 1710 933 IX
1754 896 1805 933 a.
1831 885 1961 934 1233
2005 895 2129 948 any.
2159 885 2228 935 29
2270 878 2518 934 Pontum
2553 879 2686 952 Req.
2723 888 2849 936 9275
2880 882 3132 952 (Λαῦναν
3175 880 3281 935 Les
3325 896 3426 950 roy.
3471 881 3538 936 de

653 962 1067 1106 ἕέρέζέσΙΧ
1099 969 1134 1020 t.
1161 965 1325 1022 1837
1366 982 1423 1019 οι.
1460 968 1614 1034 1511).
1651 995 1720 1006 -
1756 965 1863 1021 Ed.
1906 965 2128 1021 Theium
2166 963 2294 1022 Cod.
2331 965 2461 1035 dipl.
2498 966 2633 1022 dona.
2670 972 2820 1037 temp.
2847 968 2886 1021 1
2911 974 3008 1022 101
3041 984 3096 1021 a.
3123 975 3226 1023 171.
3280 998 3345 1009 —
3402 967 3539 1039 Req.

1966 1224 2230 1294 Laudo.

872 1370 1366 1458 Documentum,
1409 1374 1578 1460 quod
1612 1376 1917 1461 sequitur,
1952 1381 2165 1441 exstat
2193 1377 2258 1440 in
2289 1373 2547 1441 archivo
2571 1374 2897 1440 Verulano
2930 1374 3017 1460 (V.
3047 1396 3238 1460 supra
3266 1397 3330 1460 p.
3367 1377 3534 1460 155).

653 1545 692 1608 1
2619 1546 2961 1613 Ferentino
3008 1551 3176 1611 1111
3219 1554 3335 1613 oct.
3370 1550 3453 1612 18

652 1647 799 1712 Pas
816 1646 1057 1713 chalis
1100 1649 1173 1714 II
1215 1650 1509 1715 Landoni
1534 1651 1863 1718 Verulano
1897 1652 2133 1718 dilecto
2174 1651 2380 1717 fideli:
2430 1653 2650 1735 sancit,
2696 1657 2769 1716 ut
2798 1672 3239 1738 quaecumque
3270 1652 3538 1736 praedia

657 1772 1093 1837 quascumque
1151 1757 1588 1839 possessiones
1641 1757 1744 1822 vel
1803 1777 1967 1822 nunc
2012 1756 2212 1822 habet
2270 1757 2374 1822 vel
2432 1757 2496 1820 in
2554 1757 2836 1821 futurum
2896 1757 3135 1840 poterit
3203 1758 3535 1843 acquirere

654 1877 769 1921 seu
835 1874 1248 1942 recuperare,
1319 1880 1571 1945 secure,
1643 1862 1858 1947 quiete
1927 1866 1994 1926 et
2059 1862 2437 1926 inconcusse
2505 1859 2851 1945 possideat.
2915 1899 3001 1906 —
3067 1859 3244 1924 Sicut
3307 1861 3540 1925 iniusta

653 1961 1084 2045 poscentibus.
1157 1961 1300 2047 Ego
1332 1962 1666 2030 Paschalis
1698 1969 1818 2030 etc.
1885 1964 2038 2030 Dat.
2070 1964 2397 2032 Ferentini
2427 1986 2489 2049 p.
2523 1986 2607 2029 m.
2680 1962 3005 2029 Renbaldi
3049 1963 3272 2028 iudicis
3303 1986 3353 2028 s.
3385 1964 3536 2048 pal.‚

663 2070 734 2129 15
768 2063 899 2129 kal.
946 2087 1114 2150 nov.,
1162 2087 1220 2130 a.
1263 2066 1345 2132 D.
1401 2073 1584 2153 1111,
1631 2090 1688 2133 a.
1738 2068 1798 2133 d.
1846 2091 1906 2133 n.
1953 2068 2287 2134 Paschalis
2329 2068 2401 2133 II
2443 2091 2550 2154 pp.
2604 2071 2718 2152 12,
2775 2068 2905 2132 ind.
2938 2071 3006 2145 5;
3064 2069 3131 2132 in
3173 2069 3536 2152 praesentia

651 2167 914 2234 Beraldi
974 2169 1055 2234 de
1100 2169 1395 2255 Babuco,
1453 2171 1779 2237 Landonis
1826 2172 1906 2237 de
1950 2171 2154 2257 Ripa,
2209 2173 2444 2238 Leonis
2491 2172 2570 2237 de
2615 2171 2935 2256 Fumone,
2991 2172 3229 2237 Leonis
3282 2170 3532 2255 Strade‚

649 2272 872 2339 Amati
919 2279 1039 2337 etc.

860 2382 916 2438 B
949 2400 992 2439 s.
1020 2384 1152 2439 XII
1180 2387 1259 2453 (n.
1286 2387 1422 2452 140).
1465 2416 1523 2426 -
1566 2385 1675 2442 Ed.
1715 2385 1860 2442 Gott.
1900 2385 2102 2441 Nachr.
2142 2394 2276 2442 1900
2303 2403 2358 2455 p.
2383 2393 2473 2442 311
2509 2403 2564 2441 n.
2588 2394 2620 2441 5
2654 2402 2720 2441 ex
2755 2387 2820 2442 Β.
2856 2416 2925 2426 —-
2961 2385 3087 2456 Rey.
3124 2385 3240 2442 JL.
3277 2417 3358 2441 —.

1883 2660 2301 2728 Prosiuoue.

1462 2779 1740 2849 (Frusino.
1777 2781 2074 2838 Fresilone.
2110 2780 2388 2837 Fmsinas.
2427 2779 2746 2849 Frusinum)

858 2900 1157 2974 Ughelli
1196 2907 1217 2939 ²
1241 2903 1296 2957 X
1334 2903 1448 2959 104.
1497 2933 1561 2942 —
1602 2902 1686 2970 (G.
1713 2902 1794 2959 De
1830 2902 2182 2973 Mattheis)
2219 2903 2428 2975 Saggio
2463 2902 2690 2959 istorico
2725 2901 2851 2956 sull'
2876 2900 3262 2957 antichissima
3297 2900 3442 2957 citta
3474 2900 3535 2956 di

653 2987 957 3045 Frosinone
991 2988 1146 3045 nella
1182 3006 1498 3063 campagna
1532 2989 1592 3045 di
1629 2988 1807 3046 Roma
1843 2990 1927 3058 (In
1963 2989 2142 3047 Roma
2180 2988 2355 3057 1816).
2403 3020 2469 3030 —
2519 2990 2584 3046 G.
2619 2986 2976 3046 Cardinali
3017 2987 3244 3044 Lettera
3279 3004 3316 3043 a
3349 2986 3413 3043 G.
3449 2986 3532 3043 De

650 3073 924 3132 Mattheis
959 3075 1107 3131 sulla
1141 3094 1242 3132 sua
1276 3076 1452 3132 storia
1475 3076 1534 3131 di
1559 3076 1861 3132 Frosinone
1886 3077 2162 3147 (Bologna
2189 3077 2360 3145 1816).
2384 3075 2655 3132 —Maro
2670 3091 2783 3130 cco
2804 3073 3153 3130 Monumenti
3176 3073 3257 3129 IV
3280 3075 3347 3129 76
3362 3092 3444 3144 sq.
3464 3104 3530 3114 —

651 3160 1089 3233 Cappelletti
1126 3162 1204 3217 VI
1248 3165 1346 3219 511
1385 3182 1466 3233 sq.
1518 3192 1585 3205 --
1643 3163 1907 3220 Mox-oni
1951 3162 2272 3219 Dizionario
2314 3163 2529 3218 XXVII
2564 3163 2772 3231 260sq.
2829 3192 2901 3202 -—
2953 3162 3027 3216 M.
3073 3161 3155 3217 De
3199 3159 3530 3216 Matthias

650 3247 874 3303 Lettere
907 3264 1075 3319 sopra
1110 3249 1300 3304 alcuni
1336 3249 1534 3321 luoghi
1569 3249 1721 3306 della
1756 3249 2050 3320 provincia
2086 3248 2142 3305 di
2181 3248 2480 3305 Frosinone
2514 3248 2830 3319 (Ferentino
2869 3247 3039 3316 1849).
3086 3278 3152 3288 —
3200 3249 3266 3302 A.
3293 3245 3531 3320 Giorgi

652 3333 701 3388 Il
736 3333 1080 3391 circondario
1117 3334 1176 3390 di
1212 3336 1512 3392 Fr0sinone
1546 3336 1701 3392 nella
1735 3334 2029 3407 provincia
2062 3335 2121 3392 di
2157 3334 2334 3392 Roma
2369 3335 2618 3403 (Firenze
2656 3334 2827 3403 1881).

864 3508 1235 3575 Frusinonis
1290 3511 1564 3575 civitatis
1615 3511 1964 3595 praecipua
2015 3509 2224 3595 gloria
2276 3513 2376 3575 est
2425 3510 2699 3595 patriam
2751 3506 2946 3573 fuisse
2998 3507 3267 3572 duorum
3318 3509 3528 3592 ponti-

646 3613 860 3698 ficum,
906 3611 1296 3680 Hormisdae
1342 3621 1410 3680 et
1453 3613 1725 3679 Silverii.
1801 3614 1981 3701 Sunt,
2024 3620 2098 3678 ut
2135 3611 2418 3700 Ughelli,
2463 3613 2564 3678 De
2595 3611 2921 3695 Mattheis,
2966 3611 3375 3696 Cappelletti,
3422 3613 3530 3697 qui

650 3716 1069 3802 contendant,
1128 3718 1468 3782 Frusinum
1515 3719 1667 3783 olim
1712 3718 1934 3783 sedem
1981 3718 2414 3803 episcopalem
2458 3717 2684 3794 fuisse3
2743 3715 2877 3800 sed,
2929 3715 3083 3780 licet
3126 3722 3421 3781 constans
3465 3721 3531 3780 et

646 3822 947 3905 pertinax
990 3822 1073 3885 sit
1102 3821 1275 3906 apud
1304 3822 1808 3888 Frusinonenses
1847 3821 2127 3906 traditio,
2175 3842 2259 3887 ex
2288 3821 2717 3887 monumentis
2744 3820 2921 3885 nulla
2951 3821 3191 3883 eruitur
3218 3820 3530 3884 memoria

649 3924 1023 4010 cuiusquam
1070 3924 1557 3991 Frusinonensis
1601 3927 1905 4011 episcopi.
1994 3926 2204 3990 Immo
2263 3947 2347 3992 ex
2390 3925 2757 3991 Verulanae
2813 3923 3122 3991 ecclesiae
3178 3923 3529 4007 privilegiis

647 4027 1008 4114 colligitur,
1081 4029 1503 4095 Frusinonem
1581 4030 1905 4095 civitatem
1980 4029 2403 4095 iurisdictioni
2466 4028 2775 4094 Verulani
2846 4028 3130 4112 episcopi
3203 4025 3526 4092 addictam

644 4129 859 4196 fuisse.
949 4130 1115 4197 Inde
1161 4154 1200 4198 a
1245 4154 1412 4198 saec.
1444 4133 1609 4200 XVI
1652 4133 1991 4218 apostolici
2036 4133 2320 4219 delegati
2364 4154 2482 4217 per
2524 4132 2947 4216 Campaniam
2990 4129 3177 4195 sedes
3220 4129 3360 4194 fuit.

857 4303 961 4369 De
1007 4303 1281 4371 archivis
1327 4305 1406 4371 cf.
1438 4326 1496 4370 v.
1528 4306 2127 4394 Pflugk-Harttung
2170 4305 2306 4371 Iter
2348 4328 2410 4391 p.
2444 4309 2559 4383 27;
2607 4304 2784 4371 Gott.
2814 4304 3051 4370 Nachr.
3092 4307 3253 4369 1900
3282 4325 3346 4388 p.
3380 4307 3525 4369 301.

638 4443 727 4453 —
778 4406 1100 4490 Notitiae,
1172 4430 1337 4494 quae
1394 4416 1772 4495 sequuntur,
1832 4409 2143 4476 debemus
2202 4408 2438 4475 Cencio
2506 4415 2574 4473 et
2627 4408 3027 4475 documentis
3094 4427 3176 4472 ex
3228 4406 3526 4472 Alatrino

641 4511 900 4576 archivo
947 4510 1364 4597 depromptis.

639 4665 720 4728 *1
3065 4666 3405 4731 1024-33

638 4769 1036 4838 Iohannes
1080 4772 1249 4840 XIX
1291 4774 1463 4839 locat
1506 4775 1571 4838 in
1617 4773 1873 4838 tertiam
1903 4774 2385 4859 generationem
2431 4771 2703 4837 dominis
2749 4772 2831 4836 de
2860 4676 3215 4835 Frusinone
3246 4669 3524 4835 casti-iim

639 4874 1029 4941 Frusinonis.

846 4986 1027 5044 Laud.
1073 4989 1136 5042 in
1186 4988 1446 5058 Stephani
1480 4987 1546 5044 de
1593 4987 1775 5044 Fossa
1824 5006 1964 5044 nova
1975 5030 1992 5057 ,
2045 4988 2352 5043 Innocentii
2401 4987 2501 5041 HI
2537 4986 2841 5054 cantuarii,
2893 4985 3245 5040 instrumento
3300 5002 3352 5039 α.
3397 4991 3526 5040 1206

556 5135 565 5144 ,
643 5077 773 5142 sept.
802 5081 835 5127 5
872 5090 963 5142 ap.
992 5074 1242 5129 Cencium
1274 5091 1317 5131 c.
1342 5082 1404 5130 66
1424 5074 1568 5141 (edd.
1606 5075 1890 5130 Μαι-πίονι·
1925 5075 2112 5143 Απίίᾳ.
2139 5075 2246 5129 ΠΙ
2267 5081 2377 5130 236.
2458 5073 2687 5128 Theinor
2723 5072 2848 5127 0001.
2889 5072 3025 5142 dipl.
3060 5072 3197 5127 dom.
3221 5076 3375 5140 temp.
3400 5071 3527 5126 140

638 5176 695 5213 n.
720 5167 805 5215 60.
882 5159 1374 5216 Faba-Ducum
1409 5162 1442 5215 1
1473 5164 1613 5230 340).
1653 5191 1714 5202 —
1754 5162 1884 5231 Ray.
1920 5161 2030 5217 JL.
2066 5167 2198 5216 3523
2230 5166 2293 5214 ut
2325 5159 2524 5214 bullam
2558 5158 2824 5214 Iohannis
2858 5158 2956 5212 IX
2988 5156 3063 5212 ad
3094 5175 3145 5211 α.
3165 5164 3270 5213 899
3302 5173 3378 5213 cr.

1020 5255 1186 5327 Apud
1211 5255 1475 5312 Cencium
1499 5256 1710 5327 legitur
1738 5255 2042 5323 ¹‚Iohannes
2065 5254 2196 5322 IX⁸,
2222 5254 2320 5311 sed
2342 5254 2638 5326 legendum
2670 5253 2971 5320 „Iohannes
2989 5251 3148 5307 XIX¹⁸
3182 5254 3396 5309 certum
3418 5254 3519 5309 est
