4055 6069
1303 1348 1880 1468 SILVA
1973 1347 2922 1466 CANDIDA

876 1679 1166 1752 Ughelli
1206 1682 1224 1713 ¹
1262 1679 1287 1733 I
1327 1680 1426 1737 103
1452 1698 1557 1749 sq.;
1598 1679 1889 1748 ²190sq.
1939 1711 2006 1719 -
2062 1677 2304 1734 Piazza
2340 1678 2644 1734 Ger-archia
2690 1680 2836 1735 card.
2885 1697 2943 1749 p.
2966 1680 3032 1734 61
3058 1698 3139 1750 sq.
3197 1709 3265 1719 —
3319 1678 3554 1750 Giorgi

667 1768 809 1823 Diss
835 1767 968 1823 hist.
1008 1767 1076 1822 de
1102 1766 1373 1822 cathedra
1408 1765 1580 1837 episc.
1607 1765 1795 1823 Setiae
1822 1784 1875 1836 p.
1901 1766 1968 1820 24
1989 1784 2071 1834 sq.
2092 1796 2160 1805 -—
2186 1765 2251 1819 A.
2274 1764 2505 1835 Nibby
2545 1765 2758 1820 Analisi
2799 1771 2820 1801 ²
2845 1766 2926 1821 111
2950 1767 3013 1821 41
3044 1784 3125 1835 sq.
3151 1797 3217 1806 —
3245 1765 3309 1820 A.
3335 1766 3553 1836 Coppi

667 1855 725 1909 in
764 1853 991 1910 Dissert.
1028 1853 1159 1909 dell·
1199 1855 1401 1909 Accad.
1441 1855 1597 1909 Rom.
1642 1854 1702 1909 di
1745 1852 2107 1923 archeologia
2142 1853 2250 1907 VII
2300 1852 2480 1923 (1836)
2525 1852 2630 1908 389
2663 1871 2745 1921 sq.
2802 1882 2867 1892 —
2921 1852 3186 1907 Moroni
3237 1851 3555 1907 Dizionario

668 1941 791 1996 LIV
828 1942 1031 2011 222⁸q.
1068 1970 1133 1981 -
1186 1939 1629 2011 Cappelletti
1667 1941 1691 1994 Ι
1728 1942 1831 1998 508
1855 1959 1934 2010 sq.
1979 1973 2046 1981 —-
2082 1938 2146 1996 G.
2174 1939 2590 2000 Tomassetti
2635 1938 2696 1993 in
2733 1938 2898 1994 Arch.
2936 1939 3087 1995 della
3124 1938 3242 1994 Soc.
3282 1938 3437 1994 Rom.
3474 1938 3556 1993 111

670 2029 849 2098 (1880)
894 2028 997 2085 306
1020 2046 1122 2096 sq.;
1169 2027 1248 2082 IV
1298 2028 1476 2097 (1881)
1519 2027 1622 2081 217
1647 2044 1728 2096 sq.
1777 2057 1841 2066 -
1888 2025 1947 2081 L.
1984 2025 2340 2081 Duchesne
2392 2025 2467 2081 ib.
2492 2025 2599 2080 XV
2636 2025 2816 2094 (1892)
2852 2026 2970 2081 484.

1215 2251 1690 2337 Episcopatus
1737 2249 1970 2320 Silvae
2016 2249 2366 2318 candidae
2413 2252 2563 2318 sivo
2608 2267 2666 2317 s.
2699 2250 3015 2318 Rufinae.

886 2393 948 2458 S.
984 2393 1197 2459 Silvae
1244 2392 1575 2459 Candidas
1623 2394 1982 2477 episcopuS,
2031 2392 2184 2455 olim
2230 2391 2647 2456 cardinalium
2694 2392 3141 2477 episcoporum
3186 2392 3396 2457 coetui
3441 2390 3556 2455 ad-

672 2499 964 2582 scriptus,
1012 2498 1236 2563 sedem
1279 2496 1506 2562 habuit
1548 2498 1613 2560 in
1645 2497 2088 2582 antiquissima
2120 2495 2393 2560 ecclesia
2438 2518 2518 2559 ss.
2551 2496 2823 2561 Rufinae
2867 2501 2937 2560 'et
2967 2495 3322 2579 Secundae,
3370 2516 3556 2581 quae,

670 2609 739 2666 ut
772 2601 1060 2685 credunt,
1106 2608 1323 2667 erecta
1367 2601 1488 2665 fuit
1532 2623 1571 2665 a
1600 2601 1767 2666 Iulio
1798 2600 1833 2664 I
1876 2602 1943 2664 in
1987 2598 2185 2664 fimdo
2233 2622 2293 2685 q.
2328 2621 2384 2663 v.
2415 2600 2695 2665 Bucceia
2726 2601 2858 2664 sive
2889 2600 3129 2664 Buxus.
3217 2600 3554 2665 Renovata

671 2706 752 2770 ab
820 2705 1155 2771 Hadriano
1202 2705 1235 2768 I
1303 2704 1473 2789 (Lib.
1541 2704 1766 2789 pontif.
1829 2704 1930 2769 ed.
1984 2703 2330 2769 Duchesne
2389 2703 2422 2766 I
2467 2704 2621 2789 508)
2692 2710 2758 2768 et
2825 2704 3028 2768 ditata
3095 2727 3134 2769 a
3197 2705 3418 2768 Leone
3463 2703 3559 2767 IV

671 2811 741 2894 (l.
776 2831 828 2873 c.
865 2809 932 2873 ΙΙ
968 2809 1138 2894 122),
1186 2809 1306 2874 fuit
1335 2809 1588 2874 circiter
1628 2831 1687 2873 a.
1721 2812 1844 2874 900
1892 2830 1930 2872 a
1962 2807 2300 2873 Saracenis
2343 2807 2697 2884 destructa;
2746 2808 3006 2892 Sergius
3045 2807 3149 2871 III
3185 2829 3361 2887 vern,
3407 2828 3557 2872 con-

673 2913 960 2978 siderans
1007 2913 1475 2978 desolationem
1520 2912 1706 2976 huius
1753 2911 2089 2995 ecclesiae,
2137 2931 2282 2976 eam
2312 2914 2695 2977 restauravit
2739 2910 2827 2996 (n.
2872 2911 2953 2997 1).
3044 2912 3284 2977 Postea
3327 2909 3559 2977 Petrus

675 3019 1041 3104 episcopus,
1103 3019 1212 3103 qui
1270 3018 1430 3082 vixit
1488 3016 1604 3081 sub
1649 3015 2005 3082 Benedicto
2052 3015 2184 3099 IX,
2243 3016 2676 3102 episcopalem
2739 3038 2916 3081 suam
2974 3015 3195 3081 sedem
3254 3038 3435 3081 muro
3495 3022 3561 3080 et

672 3122 913 3187 fossato
947 3122 1450 3187 circumvallavit
1493 3128 1688 3207 atque
1720 3122 1960 3206 populo
1994 3126 2061 3185 et
2091 3120 2531 3186 sacerdotibus
2561 3121 2724 3186 bene
2773 3126 2839 3185 et
2870 3120 3260 3185 sufficienter
3289 3120 3563 3204 replevit

676 3225 762 3309 (n.
799 3227 886 3313 5).
978 3227 1192 3292 Etiam
1238 3228 1303 3290 in
1347 3225 1505 3291 urbe
1551 3226 1763 3290 Roma
1817 3226 2157 3309 episcopus
2213 3224 2435 3288 sedem
2483 3224 2677 3288 aliam
2735 3223 2959 3289 habuit
3004 3224 3175 3309 apud
3223 3225 3560 3289 ecclesiam

676 3354 755 3393 ss.
801 3330 1140 3395 Adalberti
1208 3338 1274 3396 et
1326 3329 1582 3394 Paulini
1634 3331 1699 3393 in
1756 3327 1960 3392 insula
2012 3329 2371 3413 Lycaonia,
2443 3327 2919 3393 contradicente
2986 3335 3200 3393 tamen
3259 3328 3560 3413 episcopo

676 3436 1019 3500 Portuensi
1065 3436 1129 3499 in
1161 3435 1403 3520 synodo
1436 3433 1732 3498 Romana
1764 3455 1820 3497 a.
1861 3436 2024 3499 1049
2071 3453 2288 3496 coram
2318 3433 2539 3497 Leone
2570 3432 2669 3496 IX
2703 3432 2790 3518 (n.
2825 3432 2912 3519 6).
2983 3432 3199 3497 Silvae
3230 3430 3560 3497 Candidas

677 3541 979 3626 episcopo
1029 3539 1359 3604 basilicam
1406 3562 1454 3603 s.
1500 3539 1679 3604 Petri
1725 3540 1790 3602 in
1834 3537 2152 3602 Vaticano
2201 3544 2267 3601 et
2312 3538 2592 3623 quinque
2647 3538 2827 3602 iuxta
2873 3558 3018 3602 eam
3063 3537 3451 3601 monasteria
3496 3541 3562 3599 et

675 3652 935 3710 cunctas
967 3645 1241 3710 civitatis
1263 3643 1595 3709 Leoninae
1622 3643 1927 3708 ecclesias
1951 3640 2271 3706 subiectas
2295 3641 2510 3726 fuisse,
2546 3663 2628 3706 ex
2654 3642 3044 3727 amplissimo
3070 3640 3374 3705 Iohannis
3395 3638 3560 3703 XIX

676 3750 1013 3835 privilegio
1062 3748 1361 3813 discimus
1406 3746 1495 3833 (n.
1532 3747 1619 3834 3).
1718 3746 2111 3812 Benedictus
2151 3745 2252 3809 IX
2296 3748 2557 3832 insuper
2602 3747 2928 3810 constituit
2972 3744 3185 3809 Silvae
3232 3742 3562 3808 Candidas

677 3855 1049 3939 episcopum
1117 3855 1382 3938 eiusque
1450 3873 1851 3917 successores
1916 3850 2440 3916 bibliothecarios
2498 3851 2562 3917 S.
2608 3852 2687 3916 R.
2734 3853 2841 3936 E„
2909 3858 2982 3916 ut
3045 3853 3274 3917 merito
3331 3852 3438 3936 qui
3496 3851 3560 3913 in

677 3958 1031 4042 apostolica
1077 3956 1350 4022 ecclesia
1397 3955 1743 4040 desudant,
1806 3958 1872 4020 in
1917 3956 2287 4041 apostolicis
2332 3957 2583 4041 scriptis
2627 3955 2852 4021 fideles
2898 3962 3094 4022 testes
3139 3976 3396 4040 semper
3448 3976 3560 4019 ex-

678 4063 905 4126 sistant
949 4059 1036 4145 (n.
1073 4060 1161 4145 5).
1252 4061 1430 4126 Inter
1475 4082 1635 4145 quos
1678 4060 2077 4127 Humbertus
2124 4067 2190 4126 et
2233 4060 2605 4126 Mainardus
2648 4060 2957 4144 peculiari
3003 4060 3314 4126 memoria
3368 4057 3561 4142 digni.

680 4166 809 4232 Sed
854 4187 1009 4230 mox
1063 4164 1276 4230 Silvae
1324 4163 1654 4229 Candidas
1703 4164 1978 4231 ecclesia
2022 4165 2333 4230 honorem
2390 4186 2572 4229 suum
2620 4165 2851 4228 amisit.
2943 4163 3233 4230 Calixtus
3278 4163 3348 4227 11
3395 4163 3563 4227 enim

681 4269 1040 4352 ecclesiam,
1089 4270 1330 4333 cunctis
1374 4268 1600 4332 incolis
1645 4267 2040 4352 destitutam,
2087 4270 2429 4334 Portuensi
2475 4268 2787 4333 ecclesiae
2833 4268 3036 4332 univit
3081 4267 3168 4351 (n.
3203 4265 3291 4351 9).

893 4373 1110 4438 Aliam
1156 4373 1495 4438 ecclesiam
1540 4374 1605 4437 in
1651 4372 1826 4438 Silva
1872 4372 2196 4458 Candida,
2253 4395 2333 4437 ss.
2369 4372 2642 4438 Cosmae
2701 4379 2768 4437 et
2812 4372 3130 4437 Damiano
3179 4370 3562 4454 dedicatam,

680 4479 835 4543 Vita
879 4478 1117 4543 Leonis
1162 4477 1259 4542 IV
1304 4475 1481 4574 (Lib.-
1521 4476 1746 4561 pontif.
1795 4475 1897 4541 ed.
1942 4476 2287 4542 Duchesne
2333 4476 2401 4541 II
2453 4477 2602 4562 113)
2649 4481 3130 4542 commemorat.

895 4651 1328 4735 Amplissimis
1372 4649 1724 4735 privilegiis
1767 4650 2045 4715 Romani
2106 4651 2441 4735 pontifices
2488 4650 2700 4715 Silvae
2748 4649 3078 4715 Candidas
3126 4650 3563 4732 episcopatum

683 4755 1021 4820 decorasse
1080 4756 1389 4819 novimus.
1497 4752 1819 4817 Iohannes
1870 4753 2040 4818 XIX
2095 4754 2265 4817 enim
2325 4753 2724 4818 confirmavit
2785 4754 2843 4818 ei
2891 4752 3263 4838 privilegia,
3321 4752 3483 4815 sicut
3528 4773 3566 4815 a

683 4858 1284 4945 praedecessoribus
1329 4878 1631 4923 concessa
1676 4862 1822 4921 suut
1865 4855 1954 4941 (n.
1989 4857 2078 4942 3).
2167 4856 2417 4922 Habuit
2459 4859 2654 4943 igitur
2698 4864 2957 4941 praeter
2987 4855 3196 4939 Sergii
3227 4854 3330 4918 IH
3376 4853 3464 4940 (n.
3503 4854 3565 4940 1)

682 4963 811 5028 alia
857 4964 1193 5049 privilegia
1238 4964 1519 5047 antiqua,
1568 4982 1839 5047 quorum
1883 4962 2196 5026 memoria
2242 4961 2581 5047 deperdita
2626 4968 2741 5026 est.

901 5067 1083 5141 Quae
1143 5089 1294 5133 vero
1353 5067 1560 5131 adhuc
1613 5065 1926 5130 habemus
1970 5065 2341 5150 privilegia,
2399 5065 2752 5151 Gregorius
2797 5064 2897 5128 IX
2943 5086 2999 5129 a.
3042 5066 3204 5129 1236
3249 5084 3376 5128 una
3421 5085 3566 5128 cum

684 5171 1036 5257 privilegiis
1095 5194 1211 5256 pro
1273 5170 1612 5235 Portuensi
1679 5169 1953 5264 ecclesia
2007 5171 2406 5235 confirmavit
2466 5169 2576 5255 (cf.
2623 5171 2884 5253 Auvray
2944 5170 3072 5233 Les
3126 5167 3431 5253 registres
3486 5168 3566 5234 de

687 5276 1000 5363 Gregoire
1032 5276 1131 5341 IX
1177 5282 1219 5340 t.
1253 5275 1322 5339 H
1366 5279 1489 5340 586
1523 5273 1666 5360 sq.).
