4055 6069
1388 1358 2562 1479 BAGNOREA

1277 1535 1683 1621 (Balneum
1730 1537 1957 1623 regis.
2048 1538 2671 1626 Balneoregium)

738 1843 1027 1916 Ughelli
1070 1847 1088 1879 ¹
1125 1845 1149 1898 1
1185 1845 1288 1901 566
1304 1863 1410 1914 sq.;
1461 1847 1483 1879 ²
1519 1847 1546 1901 1
1582 1846 1685 1899 514
1702 1863 1782 1914 sq.
1829 1876 1895 1885 —
1942 1844 2132 1902 Pietro
2167 1846 2423 1903 Artemi
2466 1846 2728 1904 Memoris
2771 1847 3014 1905 storiche
3066 1847 3217 1903 della
3268 1846 3412 1904 citta

532 1928 589 1983 di
616 1929 911 2001 Bagnorea
946 1947 976 1986 e
1002 1948 1104 1985 sua
1140 1929 1348 1987 diocesi
1374 1931 1574 2000 (Roma
1601 1931 1771 2002 1842).
1808 1963 1874 1971 —
1912 1931 2347 2001 Cappelletti
2384 1933 2435 1987 V
2467 1934 2570 1990 585
2587 1952 2668 2004 sq.
2695 1966 2761 1975 —
2794 1932 3060 1990 Moroni
3097 1931 3412 1989 Dizionario

530 2016 608 2070 IV
643 2017 712 2070 42
731 2034 838 2087 sq.;
885 2016 954 2071 CI
998 2017 1100 2072 299
1120 2034 1201 2085 sq.
1250 2048 1319 2056 -
1368 2016 1428 2071 L.
1467 2016 1652 2071 Fumi
1699 2016 2166 2088 Balneoregensia
2209 2020 2282 2074 ab
2329 2035 2379 2073 a.
2405 2019 2599 2075 Mccl.
2643 2019 2716 2074 ad
2764 2037 2814 2074 a.
2850 2019 3304 2075 MCCCLXXVII
3341 2038 3408 2077 ex

530 2102 812 2158 tabulario
846 2102 1204 2159 Urbevstano
1251 2107 1372 2159 tum
1418 2102 1791 2174 diplomatum
1836 2107 1957 2159 tum
1992 2104 2450 2161 reformationum
2487 2148 2538 2162 ..
2577 2106 2910 2176 deprompta
2944 2105 3034 2161 in:
3088 2105 3214 2161 Atti
3257 2106 3410 2163 della

529 2189 732 2245 Nuova
766 2188 968 2245 Fenice
1004 2188 1255 2257 (Orvieto
1293 2190 1462 2259 1895).

1383 2464 1854 2550 Episcopatus
1898 2465 2548 2550 Balneorogionsis.

741 2622 969 2687 Balnei
1026 2624 1197 2707 regis
1251 2624 1488 2708 prima,
1553 2630 1858 2710 quantum
1916 2626 2079 2708 scio,
2149 2626 2460 2690 memoria
2514 2626 2833 2690 invenitur
2897 2627 2962 2689 in
3029 2625 3325 2711 Gregorii
3370 2626 3404 2689 I

527 2728 837 2812 rescripto
892 2726 980 2811 (n.
1017 2726 1085 2813 2)
1141 2734 1206 2792 et
1264 2730 1327 2792 in
1372 2727 1561 2792 Pauli
1617 2729 1776 2792 diac.
1824 2728 1993 2793 Hist.
2040 2728 2330 2814 Langob.
2386 2728 2494 2792 lib.
2538 2727 2638 2792 IV
2682 2748 2735 2792 0.
2783 2731 2884 2813 32,
2939 2728 3048 2793 ubi
3108 2728 3402 2814 legimu8‚

527 2831 692 2895 hanc
738 2832 1010 2897 Tusciae
1067 2832 1393 2897 civitatem
1451 2854 1490 2897 a
1534 2832 1979 2917 Langobardis
2033 2833 2286 2897 circiter
2341 2854 2396 2896 a.
2432 2835 2556 2899 606
2611 2833 2898 2896 invasam
2950 2832 3168 2897 fuisse.
3249 2832 3404 2918 Epi-

525 2956 781 3019 scopos,
836 2933 1132 2999 Romano
1177 2936 1480 3020 pontifici,
1536 2937 1698 3000 sicut
1741 2936 1971 3022 reliqui
2013 2936 2349 3001 Romanae
2394 2936 2761 3020 provinciae
2816 2937 3133 3021 episcopi,
3179 2936 3404 3000 imme-

527 3039 700 3104 diate
757 3039 1110 3124 subiectos,
1179 3039 1377 3105 habet
1427 3041 1659 3105 nostris
1714 3062 1968 3126 quoque
2024 3040 2277 3125 diebus,
2345 3039 2460 3106 sed
2515 3062 2738 3105 eorum
2793 3042 2991 3105 series
3035 3042 3404 3106 lacunarum

524 3143 715 3227 plena
792 3150 908 3208 est.
1028 3142 1367 3229 Pet-pauca
1454 3145 1623 3209 enim
1691 3146 1924 3208 scimus
1998 3144 2080 3209 de
2152 3144 2274 3209 hoc
2350 3145 2724 3229 episcopatu
2800 3145 3063 3230 eiusque
3131 3142 3402 3208 ecclesia

522 3270 570 3312 s.
603 3247 841 3312 Donati
886 3248 1259 3313 cathedrali.

738 3351 921 3418 Saec.
953 3352 1073 3436 XI,
1119 3359 1191 3417 ut
1226 3352 1499 3437 videtur,
1544 3352 2106 3437 Balneoregiensis
2138 3353 2545 3437 episcopatus
2575 3358 2797 3417 auctus
2842 3357 2942 3415 est
2983 3351 3217 3416 unione
3262 3350 3400 3433 epi-

523 3461 823 3540 scopatus
875 3455 1499 3521 Polimartiensis
1552 3456 1955 3540 (Bomaruo),
2017 3456 2098 3520 de
2163 3477 2287 3541 quo
2335 3455 2415 3519 cf.
2461 3454 2722 3540 Ughelli
2770 3455 2798 3495 ²
2842 3455 3128 3529 X·159;
3176 3451 3401 3537 Giorgi

519 3559 688 3624 Diss.
721 3558 868 3623 hist.
903 3559 983 3626 de
1016 3561 1322 3626 cathedra
1354 3563 1548 3646 episc.
1582 3561 1798 3627 Setiae
1829 3584 1891 3646 p.
1925 3565 2006 3627 43
2039 3583 2170 3646 sq.;
2215 3562 2292 3626 L.
2317 3559 2555 3625 Vittori
2578 3558 2890 3625 Memorio
2921 3558 3399 3641 archeologico-

521 3663 796 3728 storiche
852 3664 1013 3728 sulla
1068 3666 1221 3730 citta
1289 3664 1355 3728 di
1399 3665 1783 3730 Polimarzio
1845 3666 1994 3751 oggi
2048 3665 2363 3729 Bomarzo
2418 3663 2657 3749 (Roma
2715 3661 2935 3748 1846);
3010 3661 3400 3747 Cappelletti

520 3767 583 3831 V
630 3771 785 3844 613;
832 3767 1083 3832 Moroni
1127 3768 1493 3833 Dizionario
1540 3768 1664 3834 CII
1711 3773 1791 3834 39
1813 3791 1905 3854 sq.
1999 3767 2130 3833 Sed
2176 3768 2257 3833 de
2302 3767 2777 3832 Polimartiensi
2825 3787 3078 3852 quoque
3126 3766 3399 3830 ecclesia

523 3870 910 3936 documenta
971 3872 1234 3957 antiqua
1298 3874 1555 3936 omnino
1609 3872 2080 3956 desiderantur,
2142 3872 2416 3955 epistola
2466 3870 2576 3935 illa
2628 3877 2932 3955 excepta,
2987 3890 3179 3955 quam
3232 3867 3395 3933 Gre-

519 3975 736 4060 gorius
765 3974 870 4039 111
914 3997 971 4040 a.
1008 3981 1130 4041 740
1171 3975 1253 4040 ad
1285 3976 1622 4061 episcopos
1666 3979 1731 4041 in
1762 3976 1994 4041 Tuscia
2022 3974 2596 4060 Langobardorum
2629 3975 3003 4039 constitutos
3032 3974 3223 4056 misit,
3271 3993 3397 4057 qua

521 4079 784 4162 monuit,
817 4085 887 4144 ut
917 4079 1089 4164 apud
1120 4080 1585 4164 Liutprandum
1617 4102 1837 4166 regem
1869 4079 2442 4166 Langobardorum
2473 4079 2555 4143 ad
2587 4078 3031 4142 Polimartium
3061 4075 3394 4140 Romanae

522 4182 833 4248 ecclesiae
879 4183 1342 4248 restituendum
1390 4206 1653 4268 operam
1702 4184 1929 4249 darent
1974 4183 2066 4269 (J.
2118 4188 2300 4249 1736.
2348 4183 2467 4248 JE.
2509 4181 2725 4268 2253).
2814 4180 3012 4246 Plura
3055 4181 3391 4245 nescimus.

734 4286 982 4351 Eadem
1035 4292 1205 4351 sorte
1260 4289 1495 4353 misera
1554 4287 2023 4353 Ferentinus
2077 4288 2484 4372 episcopatus
2541 4286 2815 4350 afflictus
2868 4292 3000 4368 est,
3058 4285 3233 4348 cuius
3278 4305 3390 4347 an-

519 4392 750 4456 tistites
804 4412 970 4456 saec.
1006 4390 1064 4455 V
1120 4397 1187 4456 et
1215 4390 1311 4455 VI
1366 4397 1718 4456 occurrunt.
1817 4392 1884 4455 Is
1929 4412 2097 4456 saec.
2129 4391 2229 4455 VI
2285 4412 2428 4455 cum
2475 4391 2951 4455 Polimartiensi
2994 4392 3205 4454 unitus
3249 4409 3390 4453 esse

517 4495 785 4560 videtur.
888 4495 1086 4560 Plura
1139 4494 1221 4560 (16
1285 4516 1362 4560 eo
1425 4497 1709 4561 invenies
1763 4495 1934 4580 apud
1993 4495 2257 4580 Ughelli
2316 4494 2344 4534 ²
2386 4495 2491 4559 X·
2536 4497 2649 4570 93;
2719 4493 2942 4578 Giorgi
3009 4494 3176 4559 Diss.
3243 4491 3388 4556 hist.

516 4599 598 4664 de
645 4598 951 4663 cathedra
997 4599 1189 4682 episc.
1238 4597 1453 4663 Setiae
1498 4620 1561 4683 p.
1596 4604 1669 4662 41
1710 4620 1834 4683 sq.;
1879 4597 2007 4667 Ios.
2055 4598 2208 4663 Sim.
2240 4598 2581 4663 Assemani
2624 4598 2725 4663 De
2771 4600 3004 4663 sanctis
3033 4597 3393 4662 Ferentinis

515 4705 580 4767 in
634 4702 866 4766 Tuscia
909 4702 1243 4766 Bonifacio
1298 4723 1373 4766 ac
1439 4701 1806 4787 Redempto
1878 4703 2197 4787 episcopis
2259 4702 2467 4787 deque
2535 4701 2912 4788 presbytero
2980 4707 3046 4766 et
3110 4706 3390 4784 martyre

515 4805 829 4890 Eutychio
897 4804 1175 4890 (Romae
1244 4805 1462 4891 1745);
1530 4806 1605 4870 L.
1651 4804 1897 4870 Oanina
1965 4806 2168 4870 Conni
2232 4806 2611 4891 topografici
2667 4806 2807 4869 sull'
2845 4806 3056 4870 antica
3113 4806 3266 4870 citta
3324 4805 3387 4869 di

516 4910 792 4974 Forento
838 4911 904 4973 in
946 4908 1203 4973 Etruria
1247 4910 1338 4972 in:
1384 4910 1738 4974 Bullettino
1787 4908 1934 4974 dell’
1960 4910 2217 4974 Istituto
2263 4908 2708 4995 archeologico
2755 4930 2812 4973 a.
2853 4913 3012 4975 1837
3060 4930 3122 4993 p.
3156 4911 3237 4973 62
3263 4931 3387 4994 sq.;

517 5012 907 5097 Cappelletti
963 5012 1024 5076 V
1078 5017 1196 5077 621
1233 5035 1356 5097 sq.;
1426 5014 1500 5077 P.
1535 5011 1858 5076 Germano
1928 5013 2239 5077 Memorio
2307 5012 2584 5078 storiche
2652 5033 2843 5097 sopra
2910 5011 2973 5076 S.
3017 5011 3265 5075 Eutizio
3322 5011 3386 5075 di

513 5116 792 5181 Fer-ento
840 5115 921 5182 ed
966 5115 1011 5179 il
1056 5137 1168 5181 suo
1201 5116 1523 5181 santuario
1556 5114 1793 5201 (Roma
1830 5115 2022 5202 1883)
2034 5140 2049 5194 ;
2095 5116 2169 5183 P.
2204 5115 2527 5183 Germano
2558 5116 2869 5182 Memoria
2900 5114 3390 5201 archeologiche
