4055 6069
761 512 909 571 Eccl.
944 533 987 570 s.
1023 512 1235 571 Mariae
1273 518 1331 570 et
1365 533 1408 569 s.
1436 500 1642 570 Luciae
1676 514 1734 569 in
1772 511 1999 570 Perlata
2036 546 2102 557 -
2139 512 2508 584 Episcopatus
2545 510 3056 569 centumcellensis.
3223 517 3344 580 201

467 685 628 746 Stato
672 688 863 745 antico
905 689 976 745 ed
1019 688 1238 744 attuale
1284 687 1375 745 del
1422 691 1612 760 porto,
1664 686 1809 745 citta
1858 705 1889 743 e
1924 686 2216 759 provincia
2261 686 2319 742 di
2364 685 2786 743 civitavecchia
2833 686 3027 756 (Prato
3074 686 3245 756 1837).
3286 717 3348 726 —

469 775 900 848 Cappelletti
935 775 960 830 1
997 776 1099 851 529
1118 793 1198 845 sq.
1246 805 1313 814 -
1349 775 1417 831 V.
1444 777 1681 831 Annov
1697 774 1843 830 azzi
1885 773 2071 830 Storia
2108 773 2163 828 di
2202 772 2628 830 civitavecchia
2663 773 2818 829 dalla
2853 791 2955 829 sua
2989 774 3204 845 origine
3241 773 3349 827 fino

466 863 561 918 all*
599 880 747 918 anno
788 862 920 918 1848
964 862 1164 930 (Roma
1202 861 1375 931 1853).
1425 892 1490 903 —
1545 862 1611 916 V.
1649 861 2048 921 Annovazzi
2085 862 2312 918 Lettera
2359 859 2652 933 isagogica
2686 861 2836 933 sugli
2872 861 3088 918 antichi
3125 859 3350 917 vescovi

468 948 874 1005 Centocellensi
911 950 977 1016 (s.
1001 948 1037 1004 1.
1076 952 1135 1004 et
1169 950 1260 1018 a.).
1297 978 1364 988 —
1403 947 1461 1004 c.
1486 947 1910 1019 Guglielmot
1925 948 1982 1004 ti
2020 947 2296 1005 Ristretto
2333 948 2391 1002 di
2425 948 2573 1004 fatto
2608 965 2639 1004 e
2676 947 2734 1001 di
2769 947 2967 1004 diritto
3003 949 3098 1019 pel
3133 948 3282 1004 clero
3318 966 3348 1003 e

466 1037 673 1107 popolo
724 1035 784 1090 di
838 1034 1262 1091 Civitavecchia
1316 1035 1435 1090 alla
1488 1034 1939 1107 congregazione
1991 1034 2082 1090 dei
2139 1034 2358 1091 vescovi
2415 1052 2445 1091 e
2497 1034 2740 1106 regolari
2805 1035 3002 1105 (Roma
3055 1035 3227 1102 1856).
3282 1064 3345 1075 -

466 1122 531 1179 G.
568 1123 628 1178 B.
665 1124 758 1178 De
795 1123 929 1177 Ros
942 1121 998 1177 si
1034 1122 1270 1179 Antichi
1309 1122 1530 1179 vescovi
1565 1122 1622 1177 di
1659 1121 1969 1192 Tarquinia
2004 1140 2035 1178 e
2071 1122 2390 1178 centocelle
2425 1122 2513 1178 in:
2553 1122 2785 1178 Bullett.
2822 1121 2880 1176 di
2917 1121 3158 1177 archeol.
3196 1120 3348 1176 crist.

464 1209 576 1266 Ser.
614 1210 667 1264 11
705 1228 755 1265 a..
782 1209 862 1264 IV
897 1210 1077 1279 (1873)
1112 1209 1175 1265 81
1204 1228 1286 1279 sq.
1344 1240 1407 1250 —
1463 1209 1522 1266 c.
1549 1210 1819 1266 calisse
1867 1209 1927 1265 in
1977 1209 2142 1266 Studi
2190 1228 2221 1266 e
2267 1210 2585 1267 documenti
2623 1209 2681 1265 di
2717 1208 2893 1265 storia
2930 1227 2960 1264 e
2996 1208 3193 1263 diritto
3212 1207 3348 1261 VIII

466 1297 646 1366 (1887)
681 1296 882 1365 233sq.
921 1325 985 1335 —
1023 1295 1083 1351 c.
1111 1295 1383 1353 calisse
1418 1296 1604 1352 Storia
1638 1295 1697 1351 di
1728 1295 2158 1353 civitavecchia
2193 1296 2442 1363 (Firenze
2480 1296 2639 1360 1898,
2685 1295 2785 1365 qui
2820 1313 2875 1366 p.
2903 1295 3036 1350 XIII
3055 1314 3136 1365 sq.
3171 1294 3351 1350 fusius

464 1382 591 1453 agit
624 1383 694 1440 de
717 1381 1101 1453 scriptoribus,
1138 1384 1238 1452 qui
1273 1383 1341 1440 de
1368 1382 1767 1440 centumcellis
1803 1386 2159 1451 tractarunt).
2186 1414 2249 1424 —
2276 1383 2378 1438 Ph.
2417 1384 2632 1439 Laner
2668 1383 2747 1438 La
2782 1382 2896 1438 cite
2934 1382 3348 1455 carolingienne

464 1469 534 1524 de
569 1468 825 1525 cencelle
859 1469 1135 1541 (Leopoli)
1172 1470 1257 1525 in:
1297 1469 1583 1542 Melanges
1619 1470 1915 1527 d'archeol.
1953 1472 2012 1526 et
2048 1469 2099 1524 d'
2123 1462 2357 1526 histoire
2394 1469 2498 1525 XX
2534 1469 2711 1538 (1900)
2750 1469 2850 1524 147
2875 1487 2957 1538 sq.

1314 1764 1789 1850 Episcopatus
1837 1763 2498 1833 centumcellensis.

676 1920 1261 1986 centumcellarum
1318 1921 1469 1987 urbs
1529 1925 1656 1987 iam
1716 1944 1882 1988 saec.
1924 1922 2021 1987 IV
2078 1922 2249 1990 sedis
2295 1923 2678 2008 episcopalis
2731 1922 2975 1986 honore
3020 1920 3349 2006 gaudebat

464 2022 572 2108 (cf.
620 2023 962 2089 Duchesne
1016 2027 1079 2089 in
1137 2026 1334 2091 Arch.
1391 2026 1566 2092 della
1610 2027 1753 2092 Soc.
1798 2027 1988 2092 Rom.
2048 2026 2175 2092 XV
2231 2031 2354 2092 485
2380 2025 2524 2112 sq.).
2627 2026 2759 2091 Sed
2813 2046 2979 2090 saec.
3009 2023 3140 2107 XI,
3209 2025 3347 2109 epi·

463 2135 730 2213 scopatu
793 2150 1164 2214 suppresso,
1236 2133 1540 2216 episcopo
1603 2132 1994 2197 Tuscanensi
2051 2131 2366 2216 subiecta,
2436 2132 2710 2197 ecclesia
2774 2128 3347 2196 Centumcellensis

463 2232 641 2297 litem
687 2234 985 2297 sustinuit
1036 2235 1205 2299 inter
1248 2233 1614 2300 Guidonem
1672 2258 1773 2322 ep.
1823 2236 2297 2301 Tuscanensem
2341 2241 2408 2300 et
2452 2233 2822 2299 Albericum
2869 2256 2969 2319 ep.
3019 2231 3345 2297 Sutrinum

464 2335 547 2419 (v.
597 2335 978 2402 Toscanella
1032 2343 1099 2402 et
1152 2337 1371 2424 Sutri).
1469 2339 1551 2402 A.
1600 2341 1760 2404 1192
1807 2337 2235 2404 Tuscanensis
2303 2338 2577 2403 ecclesia
2641 2359 2768 2402 una
2835 2358 2977 2401 cum
3037 2336 3344 2401 Centum-

464 2439 728 2503 cellensi
795 2446 862 2504 et
927 2439 1222 2505 Bledana
1274 2441 1667 2508 viterbiensi
1735 2442 1873 2508 sedi
1942 2464 1981 2506 a
2048 2441 2376 2507 Celestino
2432 2441 2536 2505 III
2615 2444 2831 2507 unitur
2889 2440 2975 2524 (v.
3025 2436 3345 2523 Viterbo).

461 2541 765 2625 Subinde,
814 2564 869 2607 a.
915 2546 1093 2626 1824,
1141 2544 1621 2611 civitavecchia
1663 2546 2006 2610 Portuensi
2052 2548 2354 2631 episcopo
2401 2543 2729 2629 subicitur,
2775 2566 2832 2609 a.
2873 2547 3032 2611 1854
3068 2542 3344 2627 denique

460 2649 788 2730 proprium
835 2646 1109 2713 obtinuit
1152 2651 1548 2734 episcopum,
1596 2653 1706 2735 qui
1750 2650 2421 2735 corneto-Tarquinia
2465 2652 2662 2713 etiam
2708 2650 2893 2733 regit.

674 2750 1030 2816 Ecclesiam
1085 2751 1146 2816 b.
1189 2754 1369 2818 Petri
1423 2756 1487 2818 in
1543 2754 2020 2819 Centumcellas
2076 2776 2116 2818 a
2168 2753 2484 2818 Paschale
2530 2754 2566 2817 I
2619 2752 2904 2818 dotatam
2960 2750 3236 2837 legimus
3282 2752 3344 2814 in

462 2856 598 2919 eius
642 2855 797 2920 Vita
839 2853 1013 2941 (Lib.
1060 2857 1286 2942 pontif.
1334 2858 1435 2922 ed.
1481 2858 1826 2924 Duchesne
1870 2859 1939 2922 H
1987 2858 2118 2945 59).
2208 2859 2286 2923 In
2338 2879 2506 2923 nova
2563 2858 2821 2923 civitate
2866 2856 3140 2940 Leopoli
3187 2854 3345 2919 duas

462 2958 765 3023 ecclesias
822 2960 1107 3027 condidit
1157 2962 1295 3027 Leo
1340 2962 1456 3046 IV,
1517 2964 1855 3029 ecclesiam
1910 2962 1971 3028 b.
2015 2963 2196 3028 Petri
2253 2969 2319 3028 et
2375 2964 2713 3029 ecclesiam
2769 2985 2816 3025 s.
2858 2961 3126 3043 Leonis,
3185 2980 3345 3047 quas

461 3065 597 3149 ipse
646 3068 1037 3130 ornamentis
1084 3065 1315 3131 ditavit
1357 3065 1427 3152 (l.
1476 3088 1527 3131 c.
1575 3067 1644 3132 II
1696 3071 1835 3133 132.
1890 3067 2059 3154 133).

674 3256 975 3340 Archiva,
1021 3277 1186 3342 quae
1235 3264 1490 3323 exstant
1534 3261 1599 3322 in
1644 3261 1901 3323 civitate
1934 3259 2431 3343 civitavecchia,
2479 3258 2865 3323 documenta
2909 3259 3174 3342 antiqua
3220 3277 3345 3319 non

458 3358 791 3443 possident
835 3358 941 3446 (cf.
990 3360 1353 3425 Bethmann
1400 3363 1464 3425 in
1507 3361 1749 3426 Archiv
1791 3361 1928 3426 XII
1973 3361 2145 3447 474).

458 3536 498 3595 1
2899 3533 3130 3616 (558-
3146 3534 3258 3613 60)

455 3635 830 3720 Pelagius
875 3637 909 3700 I
954 3637 1304 3702 Laurentio
1351 3659 1481 3722 ep.:
1529 3637 1842 3720 hortatur,
1887 3645 1960 3702 ut
2002 3638 2351 3704 secundum
2397 3659 2643 3703 sacram
2678 3638 3018 3722 epistolam
3063 3637 3342 3702 clemen-

458 3740 685 3804 tissimi
740 3742 1045 3825 principis
1089 3740 1377 3807 Marcum
1431 3740 1515 3806 ad
1568 3741 2051 3827 presbyteratus
2095 3743 2408 3828 officium,
2470 3742 2552 3807 ad
2615 3741 2991 3807 diaconatus
3043 3741 3340 3823 Paulum,

459 3850 527 3908 et
575 3843 941 3927 Pascalem‚
1010 3850 1081 3908 ut
1152 3843 1577 3909 subdiaconus
1641 3845 1781 3929 fiat,
1849 3848 1903 3909 si
1966 3867 2080 3911 eos
2136 3845 2559 3931 inculpabiles
2597 3847 2979 3931 reperierit,
3038 3846 3338 3909 veniente

457 3948 758 4013 mediana
813 3946 1222 4014 hebdomada
1275 3948 1554 4034 paschae
1618 3970 1999 4034 promovere
2067 3972 2195 4016 non
2262 3950 2539 4016 differat.
2598 3987 2680 3996 —
2733 3949 3085 4034 Principali
3140 3947 3339 4014 devo·

457 4051 863 4116 tissimorum.
2306 4063 2310 4065 ’

666 4162 792 4216 Coll.
834 4163 996 4218 Britt.
1034 4163 1311 4235 Pelagii‘l
1342 4181 1420 4233 ep.
1460 4172 1547 4220 30.
1617 4164 1915 4234 [Gratiani
1955 4165 2112 4220 Decr.
2153 4166 2194 4220 I
2216 4166 2291 4220 D.
2328 4173 2394 4221 63
2434 4182 2479 4219 c.
2513 4168 2620 4237 15].
2673 4194 2732 4205 -
2786 4163 2930 4219 Εάᾱ.
2977 4163 3165 4218 Holste
3211 4164 3339 4219 Gou.

456 4248 611 4303 Rom.
639 4249 682 4303 I
704 4256 813 4304 241.
879 4249 1085 4321 Uqheui
1122 4252 1144 4284 ²
1172 4250 1261 4305 X*
1282 4258 1350 4306 57
1381 4273 1446 4297 -·--
1483 4251 1836 4322 stanqipani
1860 4270 1920 4322 p.
1950 4260 2030 4319 78,
2067 4276 2132 4299 --
2172 4252 2485 4322 compellati
2508 4252 2545 4305 1
2565 4258 2678 4318 632,
2713 4275 2781 4297 =
2818 4251 3131 4306 Annovazzi
3144 4266 3203 4319 p.
3228 4258 3339 4306 182.

456 4335 647 4388 Mansa·
682 4334 777 4390 IX
815 4341 905 4392 736
941 4360 1005 4383 =
1046 4336 1237 4409 Miqne
1271 4336 1494 4391 LXIX
1526 4345 1637 4392 416.
1711 4337 1911 4394 Calisse
1935 4355 1994 4407 p.
2018 4347 2086 4395 60
2119 4345 2231 4394 not.
2251 4349 2295 4395 1.
2330 4369 2400 4380 —
2437 4339 2601 4410 Reqy.
2639 4338 2836 4393 Ewazd
2867 4338 2931 4392 in
2964 4336 3039 4392 N.
3065 4336 3263 4391 Archiv
3297 4335 3351 4391 V

452 4428 551 4478 548
584 4439 640 4477 n.
672 4428 755 4477 30.
826 4421 878 4476 J.
915 4431 1033 4479 640.
1093 4423 1213 4479 JK.
1251 4429 1398 4479 1002.

452 4582 497 4643 2
2855 4597 2862 4602 ’
2921 4585 3047 4647 590
3091 4583 3219 4647 dec.

457 4683 883 4769 Gregorius
915 4685 947 4749 I
989 4683 1333 4755 Dominicc
1364 4711 1494 4774 ep.:
1542 4689 1864 4773 admonet,
1912 4697 1982 4754 ut
2012 4691 2402 4756 Luminosae
2431 4691 2493 4755 h.
2531 4691 2595 4775 f.,
2642 4587 2926 4756 relictae(
2938 4689 3016 4753 cl.
3047 4584 3338 4751 Zemgrci

456 4787 713 4873 tribuni,
758 4789 991 4854 solatia
1019 4791 1347 4876 impertire
1381 4792 1637 4877 debeat,
1684 4795 1748 4857 in
1794 4814 1920 4879 quo
1966 4795 2029 4858 ei
2072 4816 2335 4860 necesse
2367 4795 2579 4861 fuerit.
2628 4832 2709 4842 —
2758 4793 2973 4859 Officii
3018 4790 3338 4878 siquidem

455 4891 889 4957 sacerdotalis.

662 5003 792 5073 Req.
837 5004 1084 5076 Greyorii
1119 5006 1162 5060 I
1190 5007 1277 5061 lib.
1306 5007 1346 5060 Ι
1371 5024 1450 5077 ep.
1480 5017 1556 5063 13.
1601 5039 1664 5049 —
1703 5008 1850 5063 Edd.
1886 5009 1941 5064 S.
1971 5009 2223 5081 Greqorii
2259 5010 2341 5064 Μ.
2386 5010 2518 5080 Opp.
2557 5010 2634 5066 ed.
2688 5011 2873 5065 Maur.
2910 5010 2998 5064 lib.
3027 5010 3060 5064 1
3091 5026 3146 5064 n.
3177 5014 3235 5062 13
3271 5030 3336 5054 ==

464 5089 664 5158 Uyheui
688 5091 710 5123 ²
740 5090 828 5144 X·
867 5098 934 5146 57
967 5115 1032 5138 =
1069 5091 1428 5164 Franyipani
1455 5112 1515 5162 p.
1545 5102 1607 5148 79
1643 5117 1707 5141 =
1749 5094 1947 5150 Calissc
1977 5112 2033 5164 p.
2057 5103 2127 5151 62
2160 5102 2271 5151 not.
2300 5104 2372 5153 13.
2428 5098 2620 5153 Manet
2655 5098 2755 5152 IX
2776 5104 2905 5153 1038
2925 5114 2982 5150 n.
3011 5103 3084 5152 13.
3144 5095 3335 5166 Miqne

454 5176 757 5231 LXXVII
769 5185 868 5232 469
903 5194 958 5232 π.
979 5186 1057 5234 13.
1108 5178 1265 5234 Mon.
1312 5180 1483 5235 Germ.
1521 5181 1671 5250 Epp.
1697 5181 1740 5235 I
1754 5188 1827 5238 13.
1853 5211 1920 5222 -
1947 5182 2111 5253 Reqq.
2138 5182 2192 5238 J.
2222 5191 2332 5239 715.
2368 5184 2481 5240 JE.
2508 5190 2663 5241 1080.

834 5272 985 5328 Idem
1023 5272 1343 5330 Dominicus
1378 5275 1708 5346 subscripsit
1742 5279 1872 5333 acta
1908 5276 2106 5346 synodi
2142 5296 2194 5334 a.
2218 5280 2320 5336 595
2349 5280 2447 5335 iul.
2471 5281 2504 5336 5
2529 5281 2697 5344 (Mon.
2724 5281 2903 5336 Germ.
2928 5280 3070 5352 Epp.
3097 5280 3123 5333 I
3147 5279 3289 5349 362).
