4055 6069
616 399 732 460 104
1932 392 2171 449 Latium.

607 570 651 631 2
2759 566 2966 632 Roma
3010 567 3178 631 1089
3222 564 3336 631 iul.
3368 566 3413 629 8

611 673 970 739 Urbanus
1015 673 1086 737 ΙΙ
1138 672 1433 737 omnibus
1464 673 1956 739 Vellitrensibus
2015 674 2263 739 clericis
2308 694 2384 737 ac
2429 672 2609 737 laicis
2654 670 2714 736 b.
2749 672 2928 736 Petri
2971 671 3294 737 fidelibus:
3344 690 3493 734 con-

612 779 824 843 firmat
862 780 1108 842 clericis
1154 798 1376 842 omnes
1406 800 1556 841 usus
1601 785 1669 842 et
1698 778 2029 843 diuturnos
2061 799 2272 842 mores
2318 784 2385 841 et
2414 775 2726 860 concedit,
2770 782 2845 839 ut
2888 779 3191 860 episcopo
3224 775 3497 841 reddant

614 884 868 947 tertiam
915 889 1164 966 partem
1213 888 1764 965 testamentorum,
1811 884 2067 947 tertiam
2117 881 2489 958 oblationis,
2547 883 2731 967 panis
2775 887 3018 946 tantum
3068 890 3136 947 et
3180 903 3367 947 cerae
3414 880 3495 948 de

615 985 815 1051 tribus
880 987 1117 1070 missis,
1187 992 1483 1070 quartam
1551 986 1971 1069 decimarum,
2040 987 2343 1050 viaticum
2410 992 2477 1051 et
2541 987 2915 1069 lemosinas‚
2983 986 3160 1050 salvo
3226 992 3299 1050 ut
3353 1007 3496 1050 cum

616 1092 917 1175 episcopo
951 1091 1476 1175 compendiosum
1522 1092 1705 1153 unius
1737 1092 2147 1155 comestionis
2179 1089 2583 1175 dispendium
2615 1090 2949 1157 Romanae
2981 1092 3195 1156 curiae
3227 1090 3496 1154 solvant.

995 1221 1043 1256 v.
1070 1201 1322 1267 velletri,
1359 1201 1571 1257 Civitas
1606 1220 1642 1255 n
1685 1203 1736 1257 2.

613 1310 656 1370 3
2213 1308 2568 1372 Benevento
2612 1309 3014 1391 (1167—69)
3059 1308 3186 1373 dec.
3217 1308 3412 1392 2262)

615 1410 1072 1475 Alexander
1113 1411 1217 1475 III
1263 1411 1575 1476 iudicibus
1620 1413 1818 1477 Vell.:
1879 1411 2176 1493 mandat,
2225 1420 2565 1496 quatenus,
2613 1433 2756 1476 cum
2803 1413 3018 1496 aliqua
3070 1433 3263 1477 causa
3307 1435 3500 1498 super

615 1519 1016 1583 testamentis
1070 1517 1380 1582 ecclesiae
1449 1516 1688 1580 relictis
1744 1517 1827 1580 ad
1884 1517 2166 1600 ipsorum
2223 1515 2417 1580 fuerit
2471 1537 2745 1581 examen
2802 1516 3106 1595 deducta,
3182 1538 3328 1581 eam
3373 1539 3498 1582 non

615 1623 963 1686 secundum
1030 1623 1240 1706 leges,
1309 1620 1421 1686 sed
1487 1621 1836 1685 secundum
1906 1620 2310 1685 decretorum
2374 1627 2613 1685 statuta
2667 1626 2941 1685 tractent
2998 1628 3065 1685 et
3130 1620 3329 1684 tribus
3388 1628 3500 1685 aut

616 1725 864 1790 duobus
895 1727 1201 1811 legitimis
1232 1724 1500 1789 testibus
1530 1726 1656 1788 sint
1686 1726 1987 1790 contenti.
2022 1764 2104 1771 —
2138 1724 2442 1789 Relatum
2489 1732 2587 1789 est
2617 1724 2893 1788 auribus.
2962 1724 3112 1789 Dat.
3144 1724 3496 1789 Benevent.

625 1834 690 1892 11
717 1828 804 1916 (ἲ)
834 1831 965 1895 kal.
1013 1833 1137 1896 ian.

824 1943 891 1996 A.
930 1941 1106 2011 [App.
1143 1958 1285 1997 conc.
1325 1942 1452 1998 Lat.
1489 1947 1524 1996 t.
1548 1948 1618 1997 50
1651 1957 1696 1995 c.
1725 1947 1775 1995 8.
1838 1940 2014 2008 Comp.
2044 1940 2079 1993 1
2107 1940 2140 1992 l.
2165 1946 2198 1993 3
2232 1945 2268 1995 t.
2294 1946 2359 1993 22
2394 1955 2436 1993 c.
2459 1946 2540 1994 10.
2615 1939 2743 1994 Coa.
2781 1940 2949 2009 Ray.
2986 1946 3023 1996 t.
3054 1949 3119 1995 56
3162 1957 3206 1995 c.
3233 1948 3279 1994 4.
3338 1939 3498 1994 Decr.

626 2029 871 2096 Greyorii
907 2029 1006 2082 IX
1039 2031 1072 2084 l.
1093 2030 1199 2083 IH
1222 2035 1256 2083 t.
1285 2038 1348 2084 26
1380 2045 1422 2084 c.
1452 2031 1551 2099 11].
1590 2060 1655 2068 -
1692 2027 1835 2083 Edd.
1864 2027 2169 2098 Auqustim:
2211 2027 2503 2080 Tarracon.
2545 2026 2682 2096 Opp.
2708 2026 2806 2079 IV
2833 2035 2937 2081 175.
2991 2030 3058 2082 Α.
3084 2027 3287 2097 Βονρία
3314 2045 3373 2094 p.
3398 2034 3502 2081 240

615 2131 680 2168 ωε
716 2118 768 2169 Α
805 2114 938 2176 (kal.
977 2114 1126 2184 ian).
1188 2117 1378 2170 Mami
1418 2116 1617 2169 XXII
1641 2123 1740 2169 429
1771 2132 1827 2167 π.
1853 2122 1901 2169 8.
1964 2112 2249 2182 Friedbcry
2286 2113 2491 2167 11541.
2527 2142 2596 2153 —-
2633 2112 2792 2182 Reyy.
2834 2113 3022 2183 Μίῃπε
3064 2112 3154 2167 00
3172 2120 3269 2168 617
3301 2130 3356 2167 n.
3381 2120 3499 2168 645.

615 2202 900 2257 Sterenson
927 2221 984 2271 p.
1013 2213 1098 2257 111
1132 2220 1189 2257 n.
1216 2211 1279 2257 17
1309 2218 1375 2257 ex
1410 2204 1480 2258 A.
1540 2202 1592 2256 J.
1635 2208 1757 2257 7793
1791 2201 1868 2255 ad
1903 2207 2161 2255 1168-70
2194 2201 2307 2254 ian.
2336 2209 2376 2254 1.
2439 2198 2553 2255 JL.
2594 2206 2769 2254 11480.

616 2345 659 2404 4
3003 2337 3387 2403 1171-72?

616 2446 1067 2512 Alexander
1098 2447 1203 2511 III
1233 2444 1537 2511 Hubaldo
1571 2445 1863 2510 Hostien.
1892 2466 1993 2529 ep.
2025 2453 2092 2508 et
2123 2442 2678 2527 archipresbytero
2713 2449 2778 2507 et
2808 2348 3154 2508 canohicis:
3192 2339 3498 2528 decernit,

619 2558 1036 2634 testamenta,
1082 2573 1249 2637 quae
1295 2550 1666 2635 parochiani
1714 2571 1929 2614 coram
1974 2548 2353 2633 presbytero
2402 2568 2516 2611 suo
2564 2554 2629 2612 et
2674 2547 2874 2611 tribus
2918 2548 3023 2612 vel
3070 2547 3317 2612 duabus
3361 2548 3502 2612 aliis

618 2655 865 2720 idoneis
911 2657 1198 2739 personis
1244 2656 1307 2719 in
1340 2661 1631 2720 extrema
1676 2654 2003 2718 voluntate
2053 2653 2133 2718 de
2180 2659 2396 2717 cetero
2443 2652 2732 2734 fecerint,
2778 2652 2963 2716 firma
3007 2673 3388 2737 permanere
3435 2659 3503 2717 et

497 2771 508 2780 “
619 2758 813 2824 robur
859 2758 1148 2826 obtinere
1194 2767 1547 2845 perpetuae
1592 2759 1930 2823 firmitatis.
1976 2794 2063 2802 —-
2108 2757 2272 2822 Cum
2318 2777 2492 2821 esses
2539 2756 2756 2820 frater.

824 2873 968 2940 App.
1004 2887 1144 2925 conc.
1182 2870 1309 2925 Lat.
1347 2876 1383 2925 t.
1406 2878 1471 2926 50
1505 2885 1549 2925 c.
1573 2877 1642 2926 20
1675 2886 1741 2923 ex
1772 2870 1994 2941 registro
2027 2867 2332 2942 Alexandr&
2357 2866 2461 2920 III
2489 2866 2573 2921 lib.
2604 2865 2781 2920 XIII.
2837 2865 3011 2935 Comp.
3040 2867 3078 2920 Ι
3104 2869 3137 2923 l.
3162 2874 3195 2924 3
3229 2872 3263 2922 t.
3290 2874 3355 2921 22
3387 2883 3430 2922 c.
3454 2875 3499 2922 9.

621 2957 780 3013 Decr.
827 2957 1068 3027 Greyorii
1094 2957 1192 3011 IX
1224 2959 1257 3012 l.
1285 2957 1396 3010 III
1420 2961 1457 3010 t.
1484 2963 1547 3011 26
1581 2972 1625 3012 c.
1655 2963 1731 3011 10.
1771 2986 1834 2995 —
1872 2955 2014 3009 Edd.
2053 2953 2356 3024 Augustini
2401 2953 2690 3006 Tarracon.
2737 2951 2869 3021 Opp.
2908 2952 3007 3007 IV
3036 2961 3142 3009 175.
3201 2953 3271 3008 Α.
3298 2954 3503 3023 Boryia

610 3062 670 3115 p.
695 3051 807 3099 239.
862 3044 1056 3098 Mansi
1096 3044 1294 3098 XXII
1319 3050 1416 3100 434
1439 3061 1494 3098 n.
1522 3051 1606 3099 20.
1661 3041 1957 3113 Friedberq
1981 3042 2052 3097 ΙΙ
2073 3049 2186 3096 541.
2215 3072 2277 3081 -
2306 3040 2477 3111 Reqq.
2509 3039 2695 3110 Miyne
2723 3039 2814 3094 00
2835 3046 2936 3095 867
2965 3058 3022 3096 n.
3052 3048 3164 3097 991.
3212 3040 3502 3097 &eceman

614 3149 674 3201 p.
698 3139 786 3187 112
819 3131 895 3185 ad
930 3138 1148 3187 a.1169.
1219 3131 1272 3186 J.
1297 3137 1440 3186 8158.
1499 3129 1606 3185 JL.
1643 3136 1822 3185 12129.

1642 3421 1907 3491 Civitas
1954 3420 2499 3489 veliternensIS.

838 3583 1081 3649 Civitas
1125 3583 1459 3648 Veliterna
1504 3582 1713 3647 adhuc
1757 3581 2085 3667 proprium
2140 3579 2467 3645 archivum
2516 3579 2830 3663 possidet,
2897 3580 3050 3646 olim
3115 3584 3180 3646 in
3226 3582 3502 3647 sacrario

623 3689 934 3755 ecclesiae
993 3711 1041 3752 s.
1087 3687 1437 3753 Clementis
1482 3685 1592 3772 (cf.
1640 3684 1994 3751 Stevenson
2043 3685 2083 3749 l.
2122 3705 2175 3749 c.
2216 3707 2279 3770 p.
2326 3683 2466 3769 64),
2519 3682 2713 3754 hodie
2760 3685 2823 3747 in
2869 3682 3135 3749 aedibus
3179 3686 3504 3769 municipii

623 3792 1030 3858 custoditum.
1119 3793 1407 3877 Antiqua
1452 3812 1602 3857 vero
1649 3791 1986 3876 privilegia
2032 3789 2325 3869 civitatis,
2373 3809 2540 3874 quae
2586 3785 2808 3853 laudat
2851 3787 3149 3854 Urbanus
3179 3787 3248 3853 H
3293 3788 3379 3875 (n.
3414 3789 3503 3874 2),

626 3896 1087 3963 desiderantur.

833 4051 885 4103 A
936 4073 1000 4095 =
1039 4048 1191 4121 Orig.
1215 4049 1455 4105 Velletri
1491 4048 1655 4104 Arch.
1693 4051 1914 4119 segreto
1952 4047 2261 4103 comunale.

833 4138 889 4279 g
929 4174 998 4270 Ξ
1030 4137 1303 4279 Ἐξὲξὲοιίῗὲι
1357 4222 1417 4277 di
1461 4221 1789 4293 privileggi,
1843 4220 1994 4276 bolle
2041 4221 2110 4276 ed
2153 4219 2288 4275 altri
2337 4219 2447 4276 atti
2483 4219 2700 4290 publici
2753 4219 3032 4289 spettanti
3087 4220 3204 4275 alla
3254 4219 3399 4274 citta
3448 4217 3506 4273 di

1039 4309 1301 4375 Velletri,
1349 4328 1392 4364 ε.
1419 4308 1548 4363 XVI
1568 4326 1667 4377 sq„
1703 4308 1882 4362 Roma
1925 4306 2071 4362 Bibl.
2109 4306 2240 4362 Vat.
2290 4306 2481 4361 Museo
2528 4305 2734 4377 Borgia
2769 4307 2889 4361 cod.
2922 4305 3026 4361 312
3067 4306 3147 4374 (M
3184 4305 3233 4359 V
3273 4306 3387 4374 15);
3437 4305 3506 4360 cf.

1039 4395 1191 4452 Gott.
1229 4396 1435 4452 Nachr.
1476 4395 1609 4451 1903
1646 4413 1699 4465 p.
1724 4394 1807 4449 72.

622 4487 700 4550 *1
3018 4483 3220 4564 (1073
3232 4511 3292 4528 -*
3305 4481 3419 4564 85)

626 4591 773 4657 Gre
787 4613 832 4677 g
846 4612 883 4654 o
901 4593 1016 4656 riu
1034 4614 1064 4654 s
1095 4590 1226 4656 VH
1270 4588 1567 4655 concedit
1611 4588 2037 4673 privilegium.

833 4701 1015 4757 Laud.
1061 4701 1125 4754 in
1170 4718 1223 4756 n.
1253 4707 1287 4757 3
1333 4705 1380 4754 et
1424 4700 1487 4754 in
1530 4699 1771 4768 Greyon‘i
1807 4698 1907 4752 IX
1949 4698 2097 4752 bulla
2138 4714 2190 4752 a.
2228 4704 2359 4753 1235
2405 4697 2517 4751 ian.
2550 4704 2582 4752 3
2632 4696 2877 4751 Potthast
2923 4696 3051 4764 Ray.
3088 4701 3215 4751 9813
3258 4695 3507 4764 (Auvray

626 4787 731 4843 Les
763 4803 871 4859 req.
907 4787 970 4841 dc
1013 4787 1259 4858 Grdyoirc
1292 4786 1391 4840 IX
1422 4791 1460 4840 t.
1486 4785 1529 4839 Ι
1556 4791 1686 4841 1233
1720 4802 1776 4840 n.
1800 4787 1967 4852 2331).
2005 4814 2072 4824 -
2111 4782 2268 4854 Reqq.
2305 4782 2581 4854 Pfluqu.
2620 4782 2728 4837 Iter
2752 4799 2812 4851 p.
2839 4789 2939 4838 201
2963 4799 3018 4837 n.
3045 4788 3160 4838 188.
3214 4780 3330 4838 JL.
3357 4788 3504 4836 5297.

629 4948 675 5009 2
2769 4938 2975 5004 Roma
3021 4939 3189 5003 1089
3233 4937 3345 5004 iul.
3379 4941 3422 5002 8

627 5048 989 5116 Urbanus
1034 5049 1104 5113 II
1150 5048 1442 5113 omnibus
1473 5048 1809 5114 Vellitren.
1843 5047 2091 5112 clericis
2136 5067 2212 5110 ac
2257 5046 2437 5110 laicis
2481 5044 2543 5111 b.
2575 5046 2771 5110 Petro
2803 5042 3127 5109 fidelibus:
3176 5044 3511 5108 confirmat

632 5154 882 5220 clericis
910 5175 1062 5217 usus
1102 5159 1223 5219 etc.
1269 5153 1354 5238 (v.
1387 5151 1559 5217 Eccl.
1593 5151 1866 5218 cathedr.
1898 5171 1962 5217 n.
1993 5151 2101 5236 2);
2147 5149 2327 5215 laicis
2356 5170 2509 5216 vero
2542 5150 2855 5233 concedit,
2901 5154 2972 5212 ut
3010 5147 3359 5215 exhibeant
3387 5148 3507 5212 sibi
