4055 6069
758 478 840 540 68
2078 472 2318 531 Latium.

969 647 1150 702 Laud.
1176 648 1240 700 in
1262 647 1505 703 iudicato
1522 646 1826 702 mathildae
1845 647 2140 703 comitissae
2156 667 2206 703 a.
2219 656 2356 705 1080
2372 653 2526 702 mart.
2539 655 2603 702 26
2627 647 2775 717 apud
2801 649 3067 703 Mabillon
3085 650 3235 704 Ann.
3255 648 3370 703 ord.
3381 666 3421 703 s.
3440 649 3639 706 Bened.

766 737 783 768 ²
817 734 870 787 V
898 741 1023 799 169‚·
1063 736 1085 768 ²
1119 734 1172 788 V
1199 741 1321 802 158,·
1382 734 1696 804 Payliarini
1747 734 1810 787 in
1862 733 2122 790 Giornale
2171 734 2250 788 de’
2293 735 2522 790 letterati
2547 750 2652 804 per
2680 735 2761 803 qli
2791 735 2931 789 anni
2966 742 3086 790 1756
3121 751 3147 789 e
3184 743 3333 802 1767,·
3388 735 3579 807 Giorqi
3611 753 3640 791 e

757 821 997 875 Balzani
1036 820 1088 875 V
1116 828 1184 876 49
1216 838 1272 875 n.
1299 828 1445 876 1049.
1472 852 1540 861 —
1567 820 1730 890 Reyq.
1767 820 2102 888 Wtistenseld
2137 820 2289 890 apud
2324 820 2597 891 Pfluka.
2634 821 2743 875 Iter
2756 838 2815 889 p.
2840 826 2935 876 532
2959 836 3012 874 n.
3042 827 3075 874 6
3098 819 3174 874 ad
3197 820 3351 889 apra.
3383 828 3421 875 7.
3486 820 3639 875 Ova·-

755 924 926 962 mann
960 906 1158 974 Grcifin
1191 906 1463 962 mathilde
1494 923 1600 962 von
1641 907 1870 961 Tuscicn
1896 925 1955 975 p.
1984 916 2077 963 145
2110 924 2166 962 n.
2189 913 2272 962 39.
2326 907 2553 961 Ηῦὁηα·
2595 905 3124 961 Ges-idasurkunden
3146 923 3202 961 n.
3230 914 3372 961 1479.
3421 906 3529 962 JL.
3558 938 3638 963 -.

753 1069 842 1132 47
3098 1066 3269 1128 1073
3312 1065 3438 1129 dee.
3471 1068 3553 1129 10

757 1171 858 1235 Ex
912 1176 1259 1256 praecepto
1308 1169 1676 1255 Gregorii
1717 1169 1849 1234 VII
1896 1190 2087 1233 causa
2131 1171 2298 1233 inter
2340 1167 2695 1233 Berardum
2749 1166 3049 1234 abbatem
3107 1175 3173 1233 et
3228 1168 3637 1234 Odmundum

756 1274 1057 1339 abbatem
1103 1295 1274 1337 mon.
1321 1295 1402 1336 se.
1434 1273 1708 1338 Cosmae
1757 1279 1822 1338 et
1865 1272 2167 1337 Damiani
2212 1274 2276 1336 in
2316 1273 2485 1337 Mica
2530 1293 2725 1337 aurea
2771 1272 2851 1337 de
2898 1273 3283 1337 refutatione
3329 1272 3637 1338 ecelesiae

763 1401 812 1441 a.
846 1379 1027 1444 Petri
1071 1376 1165 1464 (in
1211 1377 1521 1463 Corneto)
1577 1400 1616 1442 a
1661 1378 1857 1442 Petro
1904 1378 2420 1462 protoscriniario
2476 1399 2524 1441 s.
2572 1383 2774 1462 apost.
2833 1377 3004 1441 sedis
3049 1397 3263 1443 coram
3308 1377 3636 1462 praefecto

756 1490 823 1547 et
867 1483 1122 1547 Saxone
1170 1480 1606 1547 secundicerio
1653 1483 1923 1568 aliisque
1971 1488 2297 1546 tractatur.

967 1592 1014 1647 0
1030 1593 1073 1658 f.
1096 1599 1199 1649 393
1219 1611 1274 1648 n.
1302 1601 1442 1650 1017.
1488 1592 1582 1661 [Ν
1602 1610 1661 1662 p.
1685 1600 1786 1648 882
1808 1608 1862 1647 n.
1885 1593 2056 1663 10:261.
2078 1622 2141 1632 -
2166 1590 2272 1647 Ed.
2298 1590 2488 1662 Gioryi
2513 1608 2540 1646 c
2563 1591 2802 1646 Balzam'
2822 1590 2869 1645 V
2888 1599 2949 1646 16
2967 1608 3023 1645 n.
3050 1597 3188 1646 1013.
3212 1622 3270 1632 —
3294 1591 3417 1661 Ray.
3443 1591 3635 1647 JL.-.

751 1752 875 1815 *48
2647 1749 2971 1813 Laterano
3017 1750 3218 1830 (1078
3260 1753 3449 1815 mart.
3479 1751 3552 1832 3)
3644 1752 3647 1755 ’

755 1857 1192 1943 Gregorius
1237 1856 1370 1921 VII
1428 1858 1492 1920 in
1550 1855 1793 1940 synodo
1860 1856 2282 1922 Lateranensi
2346 1854 2639 1920 concedit
2700 1853 2920 1918 abbati
2977 1852 3234 1918 Farfen.
3299 1855 3337 1917 8
3390 1852 3636 1917 dierum

754 1962 1050 2045 indutias,
1096 1967 1244 2045 post
1278 1981 1469 2045 quem
1501 1961 1862 2043 terminum,
1895 1960 2014 2023 nisi
2047 1958 2131 2023 ad
2163 1958 2677 2024 emendationem
2708 1958 2974 2041 venerit,
3021 1978 3167 2022 eum
3198 1957 3636 2021 excommuni-

755 2073 860 2130 cat
904 2064 1283 2149 abbatisque
1332 2063 1553 2129 ordine
1599 2064 1666 2128 in
1710 2070 2095 2148 perpetuum
2140 2084 2359 2128 carere
2406 2084 2553 2127 eum
2600 2068 2836 2128 censet.

960 2175 1092 2246 Req.
1133 2174 1378 2243 Greyorii
1413 2174 1535 2229 VII
1576 2175 1663 2229 lib.
1695 2173 1747 2230 V
1779 2192 1858 2244 ep.
1896 2184 2016 2230 1412.
2072 2207 2143 2219 —
2195 2173 2336 2228 Edd.
2386 2174 2664 2229 Bar-onius
2713 2175 2862 2232 Am.
2900 2172 2973 2226 ad
3006 2190 3060 2227 a.
3087 2179 3215 2227 1078
3248 2188 3293 2227 c.
3321 2178 3371 2226 8.
3444 2170 3638 2225 Man-si

757 2262 885 2317 XX
920 2268 1039 2318 603.
1096 2260 1244 2327 Jaffd
1279 2260 1418 2316 Bibl.
1456 2277 1556 2316 rer.
1599 2259 1775 2316 Germ.
1802 2261 1879 2315 ΙΙ
1900 2267 2022 2317 308.
2062 2291 2127 2301 ·-
2173 2261 2337 2331 Reqq.
2376 2259 2430 2316 J.
2458 2277 2516 2328 p.
2545 2268 2657 2314 427.
2696 2260 2804 2315 JL.
2842 2260 2959 2328 112.
2988 2266 3096 2315 625.

751 2402 839 2464 49
3059 2398 3550 2482 (1099—1118)

752 2506 1055 2572 Monachi
1097 2505 1442 2571 Farfenses
1487 2505 1887 2590 proclamant
1932 2506 2014 2570 ad
2059 2505 2525 2570 Paschalem
2575 2504 2665 2588 ΙΙ,
2711 2503 3101 2569 residentem
3146 2504 3211 2567 in
3255 2500 3519 2586 synodo,
3566 2507 3636 2565 ut

754 2611 1144 2674 monasterio
1191 2611 1433 2673 iustitia
1477 2610 1590 2673 fiat
1635 2608 1716 2674 de
1760 2609 2271 2695 possessionibus
2315 2611 2377 2673 ei
2422 2608 2672 2673 ablatis.

966 2720 1013 2775 G
1039 2720 1080 2786 f.
1107 2723 1221 2775 508¹
1258 2720 1322 2789 (f.
1350 2721 1518 2790 1220).
1545 2751 1613 2760 —
1636 2718 1743 2774 Ed.
1787 2719 1978 2789 Gioryi
2008 2735 2038 2773 e
2073 2719 2312 2774 Bal-cani
2350 2719 2397 2774 V
2428 2725 2526 2775 301
2560 2737 2615 2773 n.
2644 2725 2771 2773 1317
2802 2718 2879 2773 ad
2910 2736 2963 2773 a.
2994 2725 3126 2772 1116.
3152 2747 3220 2757 —
3249 2716 3381 2788 Rey.
3405 2715 3515 2771 JL.
3552 2746 3635 2772 -.

1131 2814 1435 2869 Berardum
1488 2815 1754 2870 abbatem
1803 2832 1838 2870 a
1874 2814 2147 2871 Paschale
2184 2816 2238 2870 II
2285 2814 2827 2870 anathematizatum
2871 2812 3063 2879 fuisse,
3119 2830 3186 2869 ex
3248 2811 3415 2866 Libro
3448 2810 3634 2881 ponti·

961 2900 1108 2957 ficali
1145 2903 1415 2971 apparet:
1458 2899 1662 2966 „abbas
1698 2900 2006 2967 Fart‘ensiS,
2054 2899 2152 2970 qni
2199 2901 2271 2955 ob
2316 2899 2673 2972 sacrilegium
2707 2899 3120 2969 factionemque
3168 2898 3241 2953 ab
3279 2897 3517 2953 ecclesia
3551 2895 3637 2951 bis

960 2991 1155 3057 terque
1191 2986 1249 3043 in
1287 2986 1477 3058 capite
1513 2987 1879 3058 dampnatus“
1920 2987 2232 3056 (Duchesne
2271 2988 2325 3043 11
2362 2987 2505 3056 303).

751 3085 876 3149 *50
3349 3082 3516 3146 1125

753 3188 1153 3253 Honorius
1198 3189 1268 3252 II
1313 3186 1626 3252 Guidonis
1673 3187 1923 3253 abbatis
1967 3189 2265 3275 precibus
2312 3210 2640 3254 assensum
2673 3187 3010 3274 praebens,
3056 3188 3253 3251 mittit
3282 3083 3638 3251 cgrdingles

754 3292 1121 3358 Conradum
1168 3299 1233 3356 et
1263 3291 1622 3376 Ionatham,
1671 3294 1778 3378 qui
1812 3295 1949 3358 vice
1997 3314 2113 3357 sua
2145 3294 2396 3378 copiam
2443 3293 2616 3376 dent,
2660 3299 2732 3356 ut
2764 3290 2978 3356 Guido
3024 3290 3348 3356 abbatiam
3380 3289 3634 3355 refutet.

962 3403 1010 3459 o
1034 3404 1079 3470 f·
1101 3411 1201 3459 520
1233 3402 1298 3470 (f.
1320 3406 1483 3472 1232).
1519 3433 1586 3443 -
1624 3402 1732 3458 Ed.
1777 3403 1960 3474 esaye
1996 3420 2023 3459 ο
2060 3404 2296 3459 Βαιεαηι·
2329 3403 2382 3458 V
2407 3411 2529 3460 324.
2565 3435 2633 3444 -
2670 3403 2803 3474 Ray.
2840 3402 2949 3458 JL.
2986 3434 3069 3457 -.

754 3560 838 3624 51
2396 3562 2603 3627 Roma
2648 3562 2715 3627 S.
2749 3560 2967 3626 Pietro
3012 3560 3241 3642 (1130)
3285 3558 3435 3622 mai.
3472 3558 3551 3620 15

749 3663 1186 3730 Anacletus
1231 3664 1301 3728 II
1348 3663 1625 3751 [cuidam
1672 3663 2030 3752 episcopo]:
2080 3665 2374 3750 mandat,
2420 3671 2489 3730 ut
2532 3665 2909 3730 Farfensem
2956 3662 3290 3744 abbatem,
3337 3663 3445 3747 qui
3489 3667 3637 3747 post

752 3774 1028 3833 mortem
1072 3766 1135 3832 b.
1182 3789 1265 3832 m.
1315 3790 1420 3853 pp.
1468 3767 1773 3850 Honorii,
1835 3774 2203 3854 contempto
2259 3770 2645 3851 iurament0‚
2701 3766 2873 3853 quod
2928 3767 3264 3831 Romanae
3327 3765 3637 3830 ecclesiae

651 3889 657 3895 ·
755 3872 1017 3956 fecerat,
1065 3871 1126 3936 b.
1159 3870 1342 3935 Petri
1373 3873 1618 3956 regalia
1647 3872 2003 3957 impudenti
2035 3874 2398 3937 temeritate
2445 3873 2675 3936 invasit
2720 3879 2788 3936 et
2813 3870 2941 3936 Dei
2972 3869 3308 3935 ecclesiam
3340 3869 3638 3954 persequi

750 3996 881 4039 non
926 3981 1154 4059 cessat,
1200 3977 1363 4039 sicut
1405 3975 1781 4040 Antichristi
1827 3977 2113 4060 plantam
2160 3983 2228 4041 et
2271 3982 2598 4041 cruentam
2645 3975 2917 4040 bestiam
2960 3971 3343 4038 omnimodis
3387 3971 3638 4056 insequi

752 4085 1055 4164 procuret
1099 4086 1166 4143 et
1220 4099 1486 4159 cornua,
1555 4077 1783 4163 quibus
1827 4080 1937 4144 ille
1993 4078 2356 4144 Romanam
2405 4080 2741 4145 ecclesiam
2788 4077 3082 4160 ventilat,
3138 4078 3201 4140 in
3249 4076 3510 4160 bipenni
3573 4080 3639 4139 et

752 4184 925 4247 ascia
971 4182 1274 4247 succidat.
1307 4217 1395 4228 —
1437 4181 1513 4245 In
1547 4184 1966 4267 promotionis
1996 4190 2273 4249 nostrae.
2339 4184 2488 4249 Dat.
2522 4183 2772 4248 Romae
2818 4203 2918 4266 ap.
2968 4203 3017 4244 s.
3048 4180 3315 4245 Petrum
3358 4178 3443 4243 id.
3490 4178 3638 4242 mai.

964 4294 1090 4363 Περ.
1116 4294 1365 4347 Anacleti
1388 4291 1460 4346 11
1491 4309 1571 4361 ep.
1601 4300 1662 4347 15
1698 4292 1836 4362 (cod.
1880 4294 2063 4349 Oasin.
2101 4302 2197 4350 159
2219 4312 2261 4351 s.
2289 4294 2431 4349 XII
2451 4312 2510 4363 p.
2540 4300 2608 4349 84
2643 4317 2708 4340 =
2743 4292 2858 4347 cod.
2892 4291 3141 4346 Vauioeu.
3196 4289 3246 4344 G
3281 4297 3349 4345 99
3382 4306 3425 4344 s.
3455 4288 3640 4357 XVI).

756 4411 820 4421 —
866 4380 1014 4437 Edd.
1053 4379 1250 4449 Lupus
1284 4378 1379 4434 Ad
1413 4378 1665 4446 Ephoein.
1703 4381 1886 4436 concil.
1924 4397 2041 4450 epp.
2070 4399 2129 4450 p.
2165 4388 2265 4436 508
2300 4405 2364 4428 =
2402 4379 2653 4435 Martem
2685 4385 2733 4434 et
2766 4376 3011 4434 Darand
3046 4376 3151 4433 Vct.
3188 4392 3287 4431 scr.
3323 4376 3439 4430 coll.
3465 4375 3507 4429 Ι
3537 4379 3642 4430 698

753 4490 818 4513 .--
861 4467 1047 4535 Μῑρηε
1087 4463 1412 4523 CLXXIX
1447 4474 1543 4522 708
1577 4485 1631 4523 n.
1659 4468 1821 4524 mois.
1860 4498 1923 4509 -
1962 4468 2125 4539 Reqq.
2164 4468 2216 4523 J.
2253 4476 2399 4524 5942.
2462 4467 2568 4522 Η..
2602 4474 2747 4524 8390.

753 4620 839 4684 52
3149 4622 3553 4705 (1145—53)

750 4723 1154 4809 Eugenius
1198 4724 1302 4789 ΠΙ
1350 4725 1760 4813 Scig(inulfo)
1796 4728 2068 4794 Valven.
2118 4750 2248 4814 ep.:
2297 4727 2579 4811 mandat,
2629 4736 2942 4812 quatenus
2984 4729 3278 4813 proxima
3323 4724 3643 4789 dominica

758 4827 1132 4912 „Invocavit
1199 4829 1346 4894 me“
1418 4832 1771 4914 apostolico
1843 4854 1912 4898 se
1987 4834 2358 4918 conspectui
2426 4839 2902 4917 repraesentet,
2970 4852 3385 4918 responsurus
3451 4849 3643 4914 super

750 4933 1030 5018 querelis
1057 4955 1096 4997 a
1123 4933 1425 4998 fratribus
1448 4933 1774 5000 Farfensis
1805 4939 2177 5002 monasterii
2208 4943 2427 5002 contra
2458 4957 2605 5002 eum
2636 4938 2903 5023 prolatis
2914 4962 2930 5015 ;
2962 4938 3383 5022 praecipiens,
3416 4941 3641 5018 quate-

750 5057 867 5099 nus
913 5044 1275 5102 sanctorum
1320 5037 1655 5122 reliquias,
1717 5061 1876 5124 quas
1937 5063 1975 5105 a
2023 5042 2301 5126 quadam
2350 5039 2626 5105 ecclesia
2669 5040 3072 5106 Far-sensium
3134 5042 3196 5104 in
3251 5041 3388 5124 ipso
3456 5037 3644 5101 altari

749 5141 1043 5206 inventas
1087 5148 1454 5226 asportasse
1506 5142 1755 5229 dicitur,
1802 5146 1939 5210 sine
1987 5145 2293 5210 dilatione
2340 5146 2655 5210 restituat.
2702 5186 2783 5193 ——
2839 5145 2908 5210 Si
2954 5145 3401 5209 discretionem
3449 5148 3642 5205 tuam.

963 5252 1028 5308 G.
1065 5283 1132 5292 -—
1170 5252 1279 5309 Ed.
1321 5253 1545 5323 Quellen
1580 5252 1701 5308 und
1736 5253 2132 5327 Forschunqem
2166 5256 2269 5310 IX
2301 5258 2480 5326 (1906)
2514 5263 2611 5311 177
2639 5272 2695 5311 n.
2719 5264 2747 5311 1
2782 5272 2848 5310 ex
2884 5255 2952 5312 G.
2990 5288 3057 5297 —
3095 5255 3225 5325 Περ.
3262 5253 3370 5308 JL.
3406 5282 3495 5308 —.
