4055 6069
997 438 1211 497 Civitas
1247 437 1534 512 Nepesina
1569 469 1631 479 —
1670 438 1819 495 Mon.
1856 459 1896 494 s.
1936 437 2231 496 Benedicti
2269 437 2330 495 in
2367 439 2533 496 Valle
2569 439 2974 511 subpentonia.
3302 448 3423 510 179

1000 762 1513 830 nonasterium
1562 778 1620 829 s.
1655 761 2026 829 Benedicti
2070 762 2147 828 in
2196 761 2398 828 Valle
2444 759 2955 847 subpentonia.

738 920 802 974 A.
840 918 929 974 De
941 918 1039 989 gli
1076 917 1332 974 Effetti
1368 915 1634 973 Memorie
1671 916 1729 972 di
1766 916 1817 972 S.
1843 917 2108 973 Nonnoso
2145 918 2353 975 abbate
2379 917 2470 974 del
2505 918 2728 975 Soratte
2764 919 2882 987 (De'
2906 918 3107 990 borghi
3145 919 3203 974 di
3227 920 3424 989 Roma)

532 1023 561 1061 e
598 1006 667 1060 de
703 1005 898 1076 luoghi
936 1004 1212 1060 convicini
1248 1023 1277 1061 e
1314 1006 1431 1060 loro
1467 1004 1787 1075 pertinenze
1820 1007 1908 1067 (In
1934 1005 2112 1059 Roma
2142 1007 2294 1073 1675)
2331 1024 2386 1075 p.
2416 1005 2515 1062 109
2534 1024 2614 1075 sq.
2653 1036 2719 1047 —
2757 1005 3052 1062 Nardini
3091 1024 3145 1077 p.
3172 1008 3422 1075 54³4-

530 1091 751 1148 Lubin
789 1111 845 1162 p.
862 1091 982 1148 378.
1011 1121 1070 1131 —
1112 1091 1198 1159 (G.
1228 1092 1373 1146 Ran
1390 1090 1684 1161 ghiasci)
1710 1089 2061 1145 Dell’antico
2092 1091 2306 1161 tempio
2334 1089 2390 1146 di
2417 1091 2598 1147 Diana
2629 1092 2782 1148 nella
2801 1092 2967 1148 Valle
2991 1092 3422 1160 Sub-Pentonia,

532 1179 648 1233 indi
686 1183 1002 1235 monastero
1038 1178 1096 1232 di
1132 1178 1186 1233 S.
1215 1178 1519 1234 Benedetto
1556 1177 1638 1232 in:
1678 1178 1839 1232 Mem.
1878 1176 2033 1233 istor.
2059 1177 2117 1231 di
2141 1177 2292 1248 Nepi
2320 1178 2344 1231 1
2369 1179 2472 1234 279
2491 1197 2573 1248 sq.
2599 1208 2663 1218 —
2691 1179 2750 1234 L.
2771 1180 3034 1235 Meucci
3073 1179 3151 1234 La
3187 1178 3423 1235 basilica

532 1264 589 1320 di
626 1265 677 1320 S.
705 1265 831 1321 Elia
867 1266 956 1321 del
992 1265 1176 1321 secolo
1204 1266 1282 1319 VI
1319 1264 1403 1320 in:
1440 1265 1645 1320 Album
1682 1264 1740 1318 di
1776 1264 1955 1320 Roma
1991 1264 2178 1318 XXIII
2214 1265 2393 1335 (1856)
2434 1266 2532 1320 185
2547 1285 2628 1335 sq.
2683 1296 2746 1307 -
2805 1266 3066 1322 Moroni
3105 1266 3423 1322 Dizionario

534 1352 603 1407 CI
642 1351 744 1408 337
760 1372 840 1421 sq.
882 1383 943 1392 -
983 1353 1046 1408 G.
1076 1350 1495 1408 Tomassetti
1533 1350 1592 1406 in
1628 1351 1796 1406 Arch.
1834 1351 1984 1407 della
2019 1350 2140 1406 Soc.
2178 1350 2332 1405 Rom.
2360 1351 2411 1407 V
2447 1353 2627 1421 (1882)
2668 1353 2771 1411 608
2789 1372 2870 1422 sq.

748 1535 811 1601 S.
858 1536 1249 1602 Benedictus
1295 1558 1351 1600 a.
1386 1536 1636 1601 circiter
1681 1538 1805 1600 520
1851 1536 1917 1600 111
1960 1535 2151 1600 Valle
2213 1534 2655 1621 Subpentonia
2710 1560 2903 1623 supra
2955 1539 3151 1602 ruinis
3198 1539 3422 1624 templi

532 1641 782 1705 Dianae
850 1641 1307 1705 monasterium
1370 1639 1731 1705 condidisse
1791 1638 2090 1723 traditur,
2159 1639 2330 1725 quod
2395 1640 2476 1705 ob
2534 1643 2888 1707 sanctitatis
2951 1643 3188 1707 famam
3258 1643 3425 1707 inter

534 1745 954 1810 celeberrima
1012 1743 1251 1808 ordinis
1307 1768 1355 1807 s.
1403 1742 1739 1808 Benedicti
1804 1745 2194 1809 monasteria
2250 1746 2316 1808 in
2360 1745 2550 1809 Italia
2604 1745 2894 1810 habitum
2953 1752 3068 1810 est.
3171 1745 3274 1810 De
3343 1766 3421 1810 00

534 1847 884 1934 Gregorius
928 1847 961 1911 I
1015 1848 1298 1934 loquitur
1358 1849 1422 1911 in
1474 1847 1733 1934 Dialog.
1780 1847 1889 1913 lib.
1936 1848 1970 1910 I
2016 1870 2069 1912 c.
2109 1851 2163 1912 7.
2201 1853 2268 1925 8,
2329 1850 2593 1934 eiusque
2650 1849 2952 1914 abbatem
3007 1850 3423 1914 Anastasium

533 1958 879 2029 memorat,
937 1954 1046 2037 qui
1094 1951 1156 2017 S.
1191 1951 1269 2015 R.
1311 1951 1384 2015 E.
1432 1953 1748 2035 notarius,
1808 1952 2108 2016 scrinium
2163 1951 2448 2017 deseruit
2492 1959 2558 2019 et
2613 1954 2678 2017 in
2722 1954 2864 2019 loco
2913 1976 2973 2038 q.
3021 1974 3078 2016 v,
3128 1953 3422 2037 Suppen-

533 2059 710 2121 tonia
766 2058 946 2120 iuxta
998 2054 1389 2140 Nepesinam
1436 2056 1660 2121 urbem
1706 2058 1905 2121 vitam
1965 2058 2387 2122 monasticam
2447 2058 2853 2142 amplexatus
2910 2063 3025 2123 est.
3125 2057 3422 2122 Eundem

537 2161 881 2245 „domnum
926 2159 1336 2225 Anastasium
1392 2160 1472 2225 de
1526 2160 1900 2226 Pentumis“
1965 2160 2319 2247 Gregorius
2363 2161 2398 2224 Ι
2459 2163 2653 2227 etiam
2708 2164 2772 2225 in
2828 2164 3102 2245 regestis
3147 2161 3284 2245 (lib.
3317 2161 3423 2224 III

536 2286 636 2350 ep.
671 2268 772 2329 50.
839 2263 901 2328 J.
952 2268 1094 2330 891.
1166 2263 1285 2329 JE.
1340 2264 1532 2349 1255)
1578 2264 1816 2329 laudat.

747 2368 1017 2434 Cuinam
1063 2370 1453 2432 monasterio
1501 2369 1563 2432 in
1611 2368 1797 2433 Valle
1846 2367 2288 2453 Subpentonia
2335 2369 2457 2434 hae
2505 2370 2770 2434 notitiae
2812 2369 3193 2435 referendae
3241 2374 3421 2432 sunt?

530 2474 677 2538 Duo
725 2474 895 2537 enim
942 2473 1332 2537 monasteria
1390 2474 1453 2535 in
1513 2472 1634 2536 hoc
1681 2476 1900 2536 sancto
1959 2473 2103 2538 loco
2151 2473 2304 2538 olim
2350 2475 2706 2557 exstitisse,
2763 2474 2932 2559 apud
2988 2496 3094 2539 me
3154 2479 3421 2555 constat,

532 2578 805 2642 alterum
851 2597 898 2639 s.
933 2574 1382 2657 Benedicti,
1441 2597 1480 2639 a
1526 2575 1851 2641 Celestino
1898 2575 2005 2640 ΙΙΙ
2049 2598 2106 2641 a.
2161 2580 2324 2641 1196
2371 2576 2498 2642 feb.
2534 2582 2615 2643 28
2672 2577 2989 2663 Gregorio
3037 2578 3198 2643 diac.
3248 2576 3421 2641 card.

532 2701 579 2742 s.
613 2678 880 2764 Georgii
947 2678 1031 2744 ad
1075 2679 1311 2745 Velum
1381 2700 1645 2743 aureum
1703 2681 2113 2744 commissum
2178 2680 2405 2765 (11.1),
2474 2679 2708 2746 (10111ᾶο
2770 2680 2853 2745 ab
2906 2681 3285 2747 Innocentio
3317 2680 3422 2744 111
3523 2696 3528 2703 ·

533 2806 589 2848 a.
630 2787 793 2847 1212
825 2784 949 2847 1011.
984 2786 1022 2845 2
1070 2782 1289 2847 abbati
1320 2790 1387 2847 et
1417 2785 1755 2847 conventui
1788 2806 1837 2847 s.
1870 2782 2060 2847 Pauli
2107 2784 2187 2849 de
2218 2783 2395 2849 Urbe
2443 2784 2560 2848 sub
2592 2785 3074 2850 confirmatione
3104 2784 3419 2849 bonorum

532 2908 903 2953 concessum
951 2885 1281 2971 (Potthast
1323 2886 1486 2970 Reg.
1522 2886 1741 2973 4354),
1788 2886 2062 2953 alterum
2109 2912 2157 2951 s.
2191 2887 2484 2953 Heliae
2530 2887 2756 2954 Falle
2773 2910 2902 2953 ren
2921 2909 3034 2971 se,
3082 2888 3420 2953 celebriori

531 2991 706 3057 fama
760 2992 1038 3077 insigne,
1101 2993 1278 3056 cuius
1323 3012 1557 3057 nomen
1603 2991 1812 3056 adhuc
1868 3000 2083 3058 servat
2137 2991 2314 3057 locus
2362 2993 2555 3078 vulgo
2603 2992 2822 3059 Castel
2867 2992 3041 3059 Sant'
3089 2992 3253 3058 Elia.
3342 2992 3420 3057 Id

533 3096 614 3161 ab
681 3095 987 3160 Alberico
1053 3095 1493 3161 Romanorum
1561 3097 1848 3182 principe
1918 3098 2173 3161 circiter
2253 3119 2310 3161 a.
2368 3101 2494 3162 940
2564 3098 2867 3162 traditum
2942 3098 3135 3163 fuisse
3207 3096 3422 3162 Odoni

534 3199 936 3264 Cluniacensi
968 3199 1208 3282 abbati,
1256 3202 1364 3284 qui
1410 3199 1496 3264 ibi
1528 3202 1965 3285 praepositum
1996 3202 2253 3265 nomine
2287 3200 2746 3266 Theodardum
2777 3203 3066 3286 instituit,
3099 3200 3422 3266 Iohannes

532 3311 754 3369 auctor
814 3305 950 3369 eius
994 3304 1186 3369 Vitae
1243 3312 1461 3369 narrat
1521 3303 1658 3388 (lib.
1700 3304 1805 3367 III
1851 3326 1903 3369 c.
1951 3309 2006 3376 7,
2069 3303 2170 3369 0(1.
2227 3304 2400 3370 Mon.
2460 3304 2681 3369 Germ.
2736 3304 2868 3370 Scr.
2926 3305 3052 3370 XV
3113 3308 3265 3380 5883
3333 3304 3414 3368 cf.

526 3407 601 3472 Ε.
635 3407 884 3473 Sackur
927 3408 1052 3474 Die
1100 3409 1552 3475 Cluniacenser
1595 3408 1630 3471 Ι
1682 3407 1851 3492 104).
1959 3407 2090 3472 Sed
2135 3431 2290 3474 mox
2335 3411 2692 3475 invenimus
2737 3409 2822 3474 ibi
2871 3409 3081 3473 denuo
3126 3407 3415 3488 abbates,

529 3534 585 3576 a.
627 3517 789 3577 1017
859 3514 1129 3579 Petrum
1200 3513 1392 3597 (Reg.
1452 3512 1709 3577 Farfen.
1772 3511 1918 3577 edd.
1979 3511 2206 3597 Giorgi
2266 3535 2302 3578 e
2363 3513 2629 3578 Balzani
2673 3513 2777 3576 III
2833 3517 2957 3578 213
3015 3535 3075 3576 n.
3110 3517 3264 3586 504;
3334 3510 3413 3576 cf.

529 3615 795 3681 Galletti
852 3616 978 3682 Del
1039 3618 1375 3702 primicero
1430 3638 1492 3700 p.
1540 3618 1665 3682 253
1726 3637 1785 3678 n.
1836 3614 1947 3701 32)
2001 3623 2067 3680 et
2110 3637 2167 3680 a.
2209 3619 2368 3680 1178
2425 3615 2841 3680 Bonifatium.
2944 3615 3125 3680 Tunc
3192 3637 3415 3679 mona-

528 3723 792 3787 sterium
839 3744 887 3786 s.
920 3721 1157 3787 Heliae
1203 3721 1286 3785 ad
1332 3719 1834 3786 iurisdictionem
1888 3719 1949 3784 b.
1993 3720 2190 3785 Petri·
2234 3721 2600 3806 specialiter
2651 3721 2826 3784 nullo
2880 3719 3205 3785 mediante
3266 3740 3414 3804 per-

530 3827 763 3910 tinere,
822 3827 959 3911 ipse
1016 3824 1392 3890 Alexander
1432 3823 1538 3888 III
1588 3825 1655 3888 in
1712 3824 2049 3908 privilegio
2104 3824 2429 3889 Bonifatio
2482 3823 2701 3888 abbati
2757 3844 3060 3889 concesso
3115 3823 3414 3887 affirmat.

528 3928 827 4014 Denique
881 3951 939 3994 a.
986 3933 1150 3994 1256
1208 3928 1390 4014 april.
1440 3933 1504 3992 11
1582 3929 2040 4000 monasterium
2097 3949 2145 3992 s.
2195 3928 2459 4010 Heliae,
2529 3928 2665 3993 ord.
2723 3951 2771 3991 s.
2822 3926 3191 4010 Benedicti,
3262 3928 3415 3990 olim

527 4033 896 4119 Nepesinae
942 4033 1167 4116 dioec„
1213 4031 1385 4118 quod
1431 4039 1695 4117 propter
1724 4033 2206 4098 dissolutionem
2254 4041 2320 4098 et
2362 4034 2671 4097 incuriam
2719 4053 2832 4098 seu
2874 4032 3182 4097 malitiam
3231 4029 3414 4095 habi-

530 4140 800 4203 tantium
846 4140 911 4202 in
957 4137 1188 4204 eodem
1234 4138 1651 4222 spiritualiter
1694 4143 1762 4201 et
1808 4138 2251 4221 temporaliter
2295 4143 2394 4201 est
2436 4159 2564 4201 non
2607 4136 2930 4201 modicum
2964 4135 3414 4215 deformatum,

529 4241 611 4306 ab
665 4242 1041 4308 Alexandro
1088 4240 1184 4305 IV
1242 4241 1459 4306 domui
1520 4241 1822 4325 hospitali
1877 4263 1926 4304 s.
1971 4241 2246 4326 Spiritus
2301 4242 2366 4304 in
2422 4238 2619 4305 Saxia
2673 4240 2754 4306 de
2814 4239 2988 4306 Urbe
3045 4238 3417 4304 conceditur

530 4345 659 4430 (ed.
706 4347 944 4412 Bourel
1009 4344 1089 4410 de
1144 4345 1209 4408 la
1254 4344 1571 4409 Ronciere
1625 4346 1754 4409 Les
1797 4347 2102 4431 registres
2147 4344 2602 4409 d'Alexandre
2646 4345 2742 4410 IV
2788 4351 2832 4409 t.
2867 4344 2899 4407 I
2946 4347 3061 4409 381
3116 4365 3176 4406 11.
3218 4345 3413 4417 1266;

529 4451 609 4514 cf.
658 4451 854 4515 etiam
898 4447 1258 4514 Alexandri
1303 4448 1397 4512 IV
1443 4447 1847 4533 privilegium
1893 4470 1950 4513 a.
1991 4452 2153 4513 1258
2199 4447 2308 4511 1111.
2350 4452 2424 4511 14
2470 4447 2773 4512 Potthast
2816 4447 2980 4531 Reg.
3036 4445 3285 4526 17345).

742 4659 1188 4740 Monumenta,
1259 4677 1423 4741 quae
1482 4663 1776 4742 spectant
1832 4656 1915 4722 ad
1973 4656 2429 4721 monasterium
2498 4678 2549 4718 s.
2599 4653 2936 4720 Benedicti
2996 4653 3414 4738 Nepesinum,

529 4763 948 4828 adservantur
1004 4763 1071 4826 in
1125 4761 1441 4826 tabulario
1487 4759 1792 4827 basilicae
1848 4784 1895 4825 s.
1929 4760 2120 4826 Pauli
2166 4760 2247 4825 de
2293 4759 2498 4836 Urbe;
2547 4760 2629 4823 cf.
2660 4758 2891 4842 Roma,
2936 4756 3110 4822 Eccl.
3145 4779 3193 4822 s.
3226 4757 3413 4820 Pauli

530 4874 715 4932 extra
759 4887 975 4931 muros
1018 4865 1172 4951 (vol.
1206 4866 1240 4928 I
1287 4887 1347 4950 p.
1390 4869 1508 4929 164
1535 4864 1678 4950 sq.).

735 5048 790 5101 A
839 5069 904 5093 =
940 5046 1092 5118 Orig.
1129 5046 1307 5102 Roma
1340 5045 1507 5101 Arch.
1545 5046 1603 5100 di
1640 5045 1749 5101 San
1786 5045 1959 5100 Paolo
1995 5046 2142 5100 fuori
2181 5045 2252 5113 (A
2279 5048 2349 5114 1).

741 5132 789 5186 0
838 5156 901 5179 =
939 5131 1126 5189 Codex
1164 5132 1564 5204 diplomaticus
1604 5132 1870 5188 basilicae
1907 5132 2341 5200 monasteriique
2379 5150 2420 5185 e.
2448 5129 2628 5197 Pauli,
2664 5148 2706 5184 s.
2731 5128 2934 5195 XVIII,
2971 5128 3046 5182 ib.

739 5218 800 5273 F
832 5242 897 5265 =
932 5220 990 5274 P.
1018 5221 1074 5276 L.
1102 5219 1342 5276 Galletti
1378 5219 1745 5274 Miscellanea
1783 5220 1888 5273 vol.
1918 5219 2009 5284 xl,
2048 5238 2088 5275 s.
2115 5219 2321 5284 XVIII,
2362 5219 2480 5274 cod.
2507 5217 2636 5272 Vat.
2674 5217 2773 5271 lat.
2812 5217 2951 5271 7932
2987 5235 3038 5286 p.
3073 5215 3135 5268 11.
3178 5215 3274 5269 111.

3008 5303 3103 5357 12*
