4055 6069
663 417 683 475 1
706 414 782 476 10
1977 401 2219 461 Latium.

656 586 808 669 imp.
858 581 1019 669 (BF.
1073 580 1264 666 1274)
1332 585 1399 646 et
1452 601 1491 643 a
1534 580 1850 645 Romanis
1894 580 2305 666 pontificibus
2348 580 2701 665 privilegiis
2746 584 3030 663 auctum,
3076 578 3291 643 floruit
3332 596 3536 662 usque

657 688 739 752 ad
803 686 1247 772 pontificatum
1311 683 1616 749 Iohannis
1684 682 1951 767 XXIII,
2020 684 2138 749 sed
2206 706 2246 749 a
2311 684 2614 749 Ladislao
2671 703 2825 768 rege
2883 680 3142 747 Siciliae
3198 688 3539 763 vastatum,

657 813 696 856 a
739 792 1016 856 Martino
1048 790 1109 853 V
1154 790 1219 852 in
1265 785 1712 853 commendam
1760 786 2003 871 datum,
2051 787 2328 873 denique
2374 786 2458 851 ab
2487 787 2779 873 Eugenio
2804 785 2901 850 IV
2946 808 3004 851 a.
3043 789 3206 852 1432
3238 790 3423 849 mart.
3458 786 3539 848 28

656 895 1044 960 monasterio
1092 892 1468 958 Sublacensi
1513 891 1836 957 adnexum
1898 898 1996 957 est
2042 891 2151 977 (cf.
2197 891 2407 957 Lubin
2453 914 2515 976 p.
2550 894 2703 968 2583
2765 889 2855 955 St.
2897 890 3138 976 Borgia
3195 889 3298 954 De
3353 908 3539 953 cruce

656 998 990 1063 Veliterna
1035 1019 1098 1081 p.
1132 995 1512 1081 CCLXXI).

869 1170 1297 1252 Documenta,
1345 1190 1512 1254 quae
1558 1169 1641 1233 ad
1689 1169 2030 1234 ecclesiam
2063 1190 2112 1231 s.
2146 1167 2383 1253 Angeli
2430 1167 2563 1233 sive
2610 1167 2691 1232 ad
2725 1169 3182 1234 monasterium
3214 1190 3261 1231 s.
3294 1167 3539 1232 Mariae

658 1275 739 1341 de
785 1275 1006 1340 Monte
1043 1274 1302 1339 Mirteto
1336 1280 1648 1358 spectant,
1695 1272 1843 1337 inde
1876 1271 1956 1337 ab
1990 1293 2048 1337 a.
2084 1274 2246 1337 1432
2294 1272 2357 1334 in
2404 1272 2661 1336 archivo
2694 1271 3069 1338 Sublacensi
3099 1271 3535 1349 adservantur,

658 1400 740 1445 ex
798 1400 926 1464 quo
981 1378 1166 1462 plura
1223 1376 1507 1462 vulgavit
1560 1377 1861 1442 Liverani
1921 1378 1987 1441 in
2044 1375 2390 1462 Spicilegio
2450 1375 2794 1441 Liberiano
2864 1376 3260 1460 (Florentiae
3321 1373 3534 1459 1863).

655 1483 910 1567 Pauca,
980 1503 1146 1567 quae
1193 1504 1278 1547 ex
1323 1481 1638 1547 tabulario
1684 1481 2056 1546 monasterii
2102 1503 2151 1543 s.
2192 1480 2438 1545 Mariae
2486 1479 2568 1544 de
2614 1479 2838 1545 Gloria
2881 1481 3264 1566 Anagninae
3313 1480 3537 1560 dioec.,

657 1586 945 1653 eiusdem
978 1585 1113 1650 ord.
1146 1585 1490 1667 Florensis,
1535 1585 1935 1669 proveniunt,
1980 1584 2389 1648 inveniuntur
2416 1582 2667 1648 Romae
2698 1585 2762 1648 in
2796 1584 3054 1648 archivo
3087 1584 3538 1649 canonicorum

656 1691 1191 1756 Lateranensium
1238 1688 1347 1774 (cf.
1396 1687 1572 1752 Gott.
1620 1686 1858 1750 Nachr.
1912 1689 2075 1751 1903
2121 1708 2185 1771 p.
2220 1685 2393 1771 537).

654 1846 690 1884 *
3300 1844 3338 1904 1
3382 1845 3425 1904 3

655 1847 937 2015 ΒΙυοὶυε
982 1948 1084 2012 ΙΠ
1138 1947 1404 2012 mandat
1459 1947 1715 2033 (Petro)
1763 1968 1864 2030 ep.
1928 1945 2224 2033 Signino,
2279 1954 2349 2011 ut
2403 1947 2741 2011 ecclesiam
2813 1952 2879 2011 et
2945 1946 3150 2011 altare
3220 1842 3539 2033 §.lssngeli

657 2074 850 2138 supra
893 2053 954 2117 N
956 2052 1259 2137 ympham
1308 2049 1584 2115 dedicet.

862 2162 1042 2219 Laud
1067 2164 1130 2216 in
1152 2162 1506 2216 instrumento
1541 2160 1608 2215 de
1643 2177 1704 2215 re
1736 2166 1903 2231 sacta,
1936 2160 2083 2229 quod
2107 2166 2279 2215 exstat
2314 2161 2377 2214 in
2402 2161 2761 2232 evanyelian'o
2784 2160 3304 2216 s.XII-X111m
3328 2162 3478 2235 arch'
3462 2180 3541 2215 ero

655 2251 970 2307 Sublacensi
1004 2249 1220 2317 (XXX
1235 2248 1316 2302 VI
1346 2256 1414 2303 29
1436 2251 1528 2317 A).
1565 2279 1632 2287 —
1670 2247 1798 2318 Περ.
1837 2247 2084 2303 Feden'ci
2120 2247 2254 2304 Doc.
2291 2247 2431 2301 Subl.
2468 2266 2521 2301 π.
2552 2255 2697 2302 226α
2734 2248 2830 2316 (cs.
2861 2265 2919 2316 p.
2943 2252 3079 2316 360).
3153 2246 3260 2302 JL.
3298 2278 3380 2303 —-.

1973 2524 2232 2594 Norba.

1965 2648 2049 2716 (N
2051 2651 2235 2718 orma)

874 2787 1121 2854 Norma
1164 2808 1294 2851 una
1339 2808 1481 2852 cum
1528 2786 1846 2873 Nymphis
1891 2809 1930 2852 a
1975 2787 2396 2854 Constantino
2428 2787 2492 2853 V
2535 2790 2687 2875 imp.
2745 2789 3097 2855 Zachariae
3143 2811 3282 2874 pp.,
3327 2789 3539 2874 prouti

655 2894 955 2976 diximus,
1002 2891 1241 2956 donata
1286 2895 1402 2955 est.
1496 2889 1597 2954 Ibi
1642 2890 1794 2954 olim
1844 2891 2283 2977 episcopalem
2329 2892 2551 2958 sedem
2592 2893 2808 2977 fuisse,
2855 2893 3208 2959 desumitur
3253 2913 3335 2957 ex
3380 2892 3539 2957 actis

656 2996 907 3065 concilii
952 3017 1011 3062 a.
1046 2999 1172 3063 963
1231 2994 1405 3082 apud
1448 2995 1917 3081 Liutprandum
1962 2997 2027 3060 in
2074 2995 2243 3062 Hist.
2292 2997 2548 3063 Ottonis
2594 3018 2647 3062 c.
2682 3001 2760 3081 9,
2815 2997 2925 3063 ubi
2980 2999 3146 3064 inter
3201 2998 3540 3083 episcopos

653 3108 1028 3189 praesentes
1059 3105 1472 3165 enumeratur
1501 3100 1822 3165 Iohannes
1842 3099 2217 3165 Normensis
2249 3123 2384 3187 ep.;
2417 3123 2638 3167 verum
2663 3102 2905 3168 nullam
2936 3101 3129 3167 aliam
3161 3103 3539 3167 memoriam

654 3207 736 3272 de
791 3227 861 3270 re
915 3205 1206 3270 novimus
1252 3201 1361 3288 (cf.
1408 3203 1670 3290 Ughelli
1719 3205 1747 3244 ²
1792 3202 1890 3269 X·
1939 3208 2090 3282 1483
2152 3205 2379 3292 Giorgi
2434 3206 2604 3271 Diss.
2652 3207 2798 3271 hist.
2846 3206 2927 3271 de
2974 3206 3281 3271 cathedra
3344 3207 3536 3289 episc.

653 3311 870 3376 Setiae
898 3308 1172 3374 civitatis
1202 3329 1265 3392 p.
1307 3311 1411 3383 113
1457 3306 1756 3372 Marocco
1788 3308 2187 3374 Monumenti
2220 3308 2317 3372 VI
2349 3315 2459 3386 673
2506 3310 2899 3394 Cappelletti
2932 3310 2965 3373 I
2995 3313 3149 3387 4903
3196 3309 3538 3375 Duchesne

652 3417 718 3479 in
761 3413 956 3480 Arch.
989 3411 1162 3476 della
1193 3410 1336 3475 Soc.
1367 3410 1556 3475 Rom.
1589 3410 1717 3475 XV
1749 3410 1921 3497 500).
1991 3411 2301 3477 Normam
2342 3411 2423 3477 ab
2462 3412 2754 3500 Eugenio
2787 3413 2891 3477 111
2934 3413 2994 3477 b.
3027 3415 3224 3480 Petro
3270 3434 3539 3498 recupe-

655 3524 861 3583 ratam
908 3522 1126 3580 narrat
1168 3514 1342 3579 Boso
1396 3516 1461 3579 in
1505 3515 1659 3580 Vita
1703 3515 1978 3602 Eugenii
2035 3515 2139 3579 111
2184 3514 2354 3601 (Lib.
2416 3518 2642 3601 pontif.
2692 3517 2792 3582 ed.
2838 3517 3183 3583 Duchesne
3239 3517 3307 3581 II
3363 3516 3536 3602 387).

653 3621 736 3685 Α.
773 3623 934 3685 1297
985 3617 1294 3703 oppidum
1340 3620 1591 3683 transiit
1634 3620 1698 3683 in
1743 3620 2216 3704 possessionem
2264 3620 2547 3686 familiae
2588 3620 2878 3701 Caetani,
2926 3621 3159 3687 deinde
3202 3623 3270 3685 in
3312 3643 3540 3686 manus

655 3724 938 3789 familiae
983 3720 1319 3807 Borghese
1365 3721 1475 3806 (cf.
1507 3723 1759 3788 Moroni
1793 3723 2163 3789 Dizionario
2210 3724 2565 3790 LXXXIX
2615 3729 2732 3790 104
2768 3727 2912 3811 sq.).

655 3883 697 3943 {l
3006 3881 3175 3944 1179
3221 3885 3334 3946 oct.
3368 3883 3452 3944 11

656 3981 1114 4048 Alexander
1158 3982 1262 4047 111
1322 3987 1648 4068 permutat
1713 4003 1857 4047 cum
1914 3982 2114 4047 nobili
2159 3984 2295 4047 viro
2341 3982 2635 4048 Rainone
2694 3982 2775 4047 de
2822 3982 3212 4068 Tusculano,
3272 3983 3433 4048 dans
3477 3986 3537 4049 ei

656 4086 740 4152 ad
785 4088 1249 4172 proprietatem
1294 4092 1573 4152 castrum
1617 4085 1679 4151 N
1682 4106 1901 4151 ormae
1947 4108 2091 4152 cum
2139 4107 2286 4151 arce
2342 4094 2410 4152 et
2465 4086 2760 4152 domibus
2804 4095 2875 4152 et
2916 4087 3237 4153 Viculum.
3325 4087 3535 4154 Raino

658 4188 770 4254 dat
814 4195 1093 4255 castrum
1138 4190 1398 4256 Lariani
1443 4211 1589 4256 cum
1634 4210 1801 4256 arce.

1033 4319 1082 4355 v.
1122 4299 1314 4369 Roma,
1352 4300 1598 4358 Comites
1632 4301 1702 4356 de
1740 4300 2054 4358 Tusculano
2091 4321 2142 4358 n.
2172 4303 2251 4360 10.

1300 4579 1813 4646 nonasterium
1861 4595 1919 4646 s.
1952 4579 2218 4646 Mariae
2263 4580 2349 4646 (le
2396 4580 2886 4650 Marmossole.

864 4734 1080 4792 Lubin
1118 4753 1174 4806 p.
1197 4736 1317 4791 242.
1347 4763 1410 4775 -
1445 4734 1882 4791 Janausohek
1920 4735 2072 4806 Orig.
2112 4734 2341 4793 Cisterc.
2367 4754 2420 4807 p.
2450 4736 2626 4792 15611.
2653 4737 2772 4792 397.
2796 4767 2863 4778 -
2900 4735 2962 4791 L.
2988 4733 3326 4807 Angeloni
3362 4734 3533 4790 Cenni

655 4820 868 4879 istorici
904 4822 1236 4894 topografici
1271 4821 1396 4876 sull'
1423 4821 1664 4877 abbazia
1699 4821 1758 4877 di
1781 4821 2128 4878 Valvisciolo
2155 4822 2413 4890 (Velletri
2442 4823 2613 4893 1863).
2650 4856 2716 4865 —-
2754 4823 2827 4879 M.
2853 4821 3233 4892 Raymondi
3262 4822 3341 4876 La
3365 4821 3536 4877 badia

653 4907 711 4962 di
747 4907 1090 4964 Valvisciolo
1129 4906 1386 4976 (Velletri
1428 4908 1596 4977 1905).

869 5048 1083 5122 Quum
1130 5050 1408 5133 origines
1451 5047 1638 5113 huius
1675 5050 2048 5115 monasterii
2092 5071 2351 5134 prorsus
2379 5052 2770 5136 ignorentur,
2817 5055 3033 5116 errant
3084 5049 3157 5114 C.
3203 5048 3305 5114 De
3338 5048 3534 5113 Visch

658 5156 728 5216 et
773 5150 983 5216 Lubin
1031 5153 1290 5240 aliique,
1339 5156 1449 5239 qui
1483 5159 1728 5238 putant,
1762 5156 2242 5239 monasterium,
2298 5155 2397 5220 cui
2429 5155 2598 5220 male
2630 5153 2883 5219 titulum
2929 5177 2977 5217 s.
3014 5152 3325 5238 Stephani
3355 5154 3536 5218 attri-
