4055 6069
672 423 696 483 1
709 421 791 486 68
1984 417 2227 476 Latium.

662 591 964 658 abbatem
1011 592 1659 678 commendatarium,
1715 594 1817 659 Pii
1848 594 1907 658 V
1952 600 2405 679 pronepotem,
2458 595 2839 679 Rondinini,
2896 595 3243 681 Garampi,
3298 597 3542 682 Borgia

666 704 732 760 et
775 696 851 760 L.
892 696 1258 761 Bethmann
1320 702 1539 760 noster
1599 699 1695 761 usi
1758 704 1932 780 sunt,
2001 718 2272 783 quorum
2342 698 2736 783 temporibus
2802 699 3009 764 codex
3071 701 3136 765 in
3191 700 3543 767 domestica

664 797 1056 865 bibliotheca
1099 800 1384 864 familiae
1427 800 1668 866 Albani
1714 801 2209 879 adservabatur;
2269 822 2345 866 ac
2406 809 2634 886 postea
2685 823 2829 867 cum
2881 803 3022 867 aliis
3079 802 3266 868 huius
3309 802 3542 869 biblio-

667 904 894 969 thecae
940 902 1266 969 codicibus
1308 905 1662 971 miserrime
1708 907 1775 970 in
1817 907 1980 971 mari
2024 907 2235 990 periit.

871 1094 920 1145 A
977 1116 1042 1138 =
1079 1091 1233 1165 Orig.
1270 1091 1554 1148 Casamari
1589 1093 1752 1148 Arch.
1790 1093 2099 1148 abbaziale.
2172 1094 2539 1165 Temporibus
2576 1094 2804 1165 Ughelli
2854 1094 2910 1164 (†
2940 1096 3096 1165 1670)
3138 1096 3543 1153 adservabatur

1075 1178 1133 1233 in
1168 1179 1504 1234 monasterio
1539 1199 1581 1235 s.
1609 1180 1894 1236 Anastasii
1929 1180 2003 1236 ad
2039 1182 2229 1249 Aquas
2265 1179 2483 1236 Salvias
2517 1181 2586 1237 de
2624 1181 2788 1237 Urbe.

874 1265 921 1319 0
969 1289 1033 1311 =
1070 1264 1425 1322 Chat-tarium
1470 1265 1589 1323 sive
1634 1265 1930 1338 registrum
1969 1265 2339 1333 Casaemarii,
2382 1267 2492 1322 mb.
2538 1285 2581 1323 s,
2606 1266 2710 1321 XV
2744 1286 2858 1333 ex„
2895 1267 3031 1324 olim
3068 1267 3126 1322 in
3162 1266 3300 1323 bibl.
3337 1268 3542 1324 Albani

1079 1352 1220 1420 (cod.
1255 1352 1409 1421 856);
1448 1352 1515 1407 cf.
1554 1352 1868 1409 Bethmann
1903 1352 1962 1408 in
1998 1353 2208 1409 Archiv
2246 1354 2352 1407 XII
2388 1353 2513 1417 374;
2551 1354 2633 1410 De
2670 1353 2874 1411 Persiis
2911 1354 3194 1410 Casamari
3230 1372 3286 1425 p.
3310 1354 3390 1410 VI
3414 1375 3496 1426 sq.

875 1438 940 1493 0²
978 1462 1041 1486 -=
1080 1439 1186 1495 Ios.
1219 1437 1487 1509 Garampi
1521 1439 1798 1505 Sebeda,
1845 1458 1888 1495 s.
1915 1439 2127 1506 XVIII,
2181 1440 2357 1495 Roma
2401 1439 2566 1496 Arch.
2593 1440 2722 1496 Vat.
2761 1441 2970 1509 (Fondo
3005 1440 3323 1513 Garampi),
3369 1459 3437 1498 ex
3471 1442 3542 1506 C;

1079 1525 1147 1581 cf.
1184 1525 1338 1581 Gott.
1374 1526 1582 1582 Nachr.
1620 1526 1755 1583 1903
1789 1544 1845 1597 p.
1870 1527 1973 1581 522
1990 1544 2073 1595 sq.
2221 1520 2222 1523 ¹

875 1612 943 1667 0¹
977 1635 1042 1658 -·--
1075 1612 1154 1667 St.
1189 1611 1397 1683 Boi-gia
1441 1611 1753 1666 Bullatium
1796 1611 1952 1665 Lucii
1988 1612 2103 1677 111,
2153 1628 2194 1664 s.
2232 1609 2445 1680 XVIII,
2495 1609 2673 1668 Roma
2726 1612 2871 1668 Bibl.
2898 1613 3028 1669 Vat.
3074 1614 3264 1670 Museo
3319 1613 3541 1685 Borgia,

1078 1716 1145 1755 ex
1186 1698 1254 1763 ῦς
1291 1699 1360 1754 cf.
1397 1699 1550 1754 Gott.
1587 1698 1796 1753 Nachr.
1835 1697 1969 1754 1903
2004 1716 2061 1769 p.
2087 1699 2171 1753 74.

875 1784 936 1838 D
977 1807 1044 1831 ==
1080 1783 1420 1840 Casaemarii
1471 1783 1799 1855 privilegia,
1853 1783 1988 1839 olim
2042 1783 2101 1838 in
2154 1782 2293 1839 bibl.
2340 1783 2545 1839 Albani
2596 1784 2739 1853 (cod.
2785 1785 2933 1854 729„
2987 1785 3060 1840 cf.
3112 1783 3428 1841 Bethmann
3482 1784 3542 1840 in

1080 1871 1287 1927 Archiv
1321 1871 1429 1925 XII
1466 1871 1585 1925 374.

873 1957 936 2011 E
970 1980 1033 2003 =
1070 1956 1185 2013 Fel.
1223 1956 1505 2014 Contelori
1554 1955 1751 2011 Bullae
1805 1960 1864 2012 et
1920 1955 2115 2012 brevia
2159 1955 2464 2012 Alexandri
2508 1955 2615 2022 111,
2666 1974 2709 2011 s.
2749 1955 2938 2025 XVII,
2985 1956 3162 2013 Roma
3205 1956 3376 2013 Arch.
3411 1957 3542 2015 Vat.

1077 2043 1233 2099 Misc.
1270 2044 1419 2098 Arm.
1441 2043 1548 2098 VII
1585 2045 1627 2099 t.
1656 2043 1772 2098 127.

873 2129 935 2183 F
973 2153 1038 2176 =
1074 2129 1345 2185 Raccolta
1397 2128 1456 2183 di
1511 2127 1832 2185 documenti
1882 2145 1913 2184 e
1966 2127 2174 2184 notizie
2225 2125 2580 2199 rigum-danti
2624 2129 2684 2184 la
2728 2127 2899 2185 badia
2944 2129 3003 2184 di
3041 2129 3351 2197 Casamari‚
3407 2130 3544 2186 olim

1082 2233 1254 2286 penes
1290 2216 1395 2271 Ios.
1433 2215 1581 2270 card.
1618 2213 1905 2285 Garampi,
1943 2215 2124 2270 Roma
2157 2213 2324 2269 Arch.
2362 2213 2494 2270 Vat.
2530 2214 2739 2283 (Fondo
2774 2214 3042 2287 Garampi
3080 2216 3198 2273 cod.
3224 2216 3340 2287 58),
3377 2217 3545 2273 hodie

1078 2301 1449 2366 desideratum
1486 2301 1554 2356 cf.
1589 2299 1746 2357 Gott.
1783 2301 1989 2357 Nachr.
2031 2301 2166 2357 1900
2201 2318 2256 2371 p.
2279 2300 2402 2355 893.

877 2389 931 2444 G
972 2411 1040 2436 =
1074 2388 1438 2444 miscellanea
1474 2388 1583 2445 vol.
1609 2387 1680 2453 11,
1715 2406 1759 2444 s.
1784 2387 2218 2453 XVII—XVIII,
2255 2385 2446 2442 Veroli
2473 2387 2639 2443 Arch.
2675 2387 3012 2459 capitolare;
3048 2388 3119 2444 cf.
3155 2388 3310 2446 Gott.
3337 2389 3541 2446 Nachr.

839 2634 941 2699 De
1010 2633 1271 2698 archivo
1335 2632 1733 2698 casaemarii
1788 2631 1870 2695 cf.
1921 2629 2291 2695 Bethmann
2345 2631 2413 2695 in
2468 2629 2709 2696 Archiv
2763 2629 2899 2695 XII
2950 2633 3105 2704 4832
3173 2653 3232 2699 v.
3277 2632 3545 2717 Pflugk-

669 2737 996 2823 Harttung
1038 2736 1176 2803 Iter
1204 2759 1267 2822 p.
1306 2742 1413 2813 143
1461 2734 1636 2800 Gott.
1667 2734 1905 2801 Nachr.
1944 2738 2107 2799 1900
2152 2756 2216 2819 p.
2251 2737 2404 2811 3003
2449 2733 2525 2798 F.
2557 2733 2815 2799 Tonetti
2859 2735 2928 2799 in
2956 2735 3151 2801 Arch.
3199 2734 3372 2802 della
3401 2734 3544 2801 Soc.

669 2842 858 2908 Rom.
904 2840 1100 2906 XXV
1146 2839 1372 2926 (1902)
1418 2842 1563 2907 200.

670 3015 751 3080 *1
3058 3012 3463 3099 (1049—54)

669 3127 830 3192 Leo
888 3123 1014 3206 IX,
1082 3120 1318 3185 auditis
1385 3138 1552 3203 quae
1619 3138 1703 3183 ex
1766 3123 1950 3202 parte
2013 3118 2384 3183 monasterii
2450 3117 2844 3183 casaemarii
2909 3119 3166 3183 nomine
3234 3117 3547 3184 ecclesiae

672 3253 721 3294 s.
761 3228 1005 3293 Mariae
1067 3223 1148 3289 de
1205 3222 1481 3288 Pertuso
1542 3228 1609 3287 et
1666 3243 1750 3286 ex
1804 3229 1990 3307 parte
2045 3222 2332 3307 episcopi
2397 3228 2464 3286 et
2526 3221 2839 3287 ecclesiae
2896 3222 3294 3287 Marsicanae
3356 3243 3549 3307 super

672 3330 1143 3418 permutatione
1188 3327 1603 3394 ecclesiarum
1647 3348 1695 3392 s.
1725 3324 1980 3391 Nicolai
2025 3325 2107 3391 de
2138 3325 2467 3410 Oappellis
2510 3332 2578 3390 et
2620 3347 2670 3389 s.
2701 3326 2886 3390 Lucii
2930 3324 3187 3390 fuerunt
3213 3327 3546 3411 proposita

672 3456 890 3502 coram
933 3455 1023 3517 se,
1070 3433 1152 3498 de
1184 3429 1599 3495 cardinalium
1631 3430 1893 3495 consilio
1939 3429 2407 3495 sententialiter
2448 3429 2658 3493 irritat
2698 3430 3238 3513 permutationem
3270 3429 3545 3494 eandem

674 3544 741 3604 et
802 3535 1069 3602 mandat
1132 3535 1380 3599 restitui
1443 3532 1525 3598 ab
1593 3534 1896 3617 episcopo
1964 3541 2032 3599 et
2095 3532 2370 3597 ecclesia
2428 3532 2789 3597 Marsicana
2857 3533 3246 3598 monasterio
3307 3531 3547 3598 Casae-

674 3640 974 3706 mariensi
1018 3635 1359 3704 ecclesiam
1403 3659 1451 3700 s.
1484 3635 1548 3700 N
1548 3637 1738 3701 icolai
1781 3657 1926 3701 cum
1969 3637 2373 3721 pertinentiis
2417 3635 2566 3699 suis.

879 3748 1063 3805 Laud.
1094 3749 1158 3802 in
1196 3747 1434 3803 oddonis
1464 3763 1506 3802 s.
1533 3746 1747 3802 Manlau·
1789 3747 1853 3799 in
1894 3763 2101 3802 carcere
2148 3746 2401 3800 Tulliano
2447 3744 2584 3800 diac.
2620 3743 2768 3801 card.
2802 3747 3072 3800 sententia
3117 3763 3168 3801 a.
3197 3752 3326 3802 1236
3359 3747 3483 3801 mi.
3513 3754 3546 3800 5

672 3837 764 3907 (cf.
800 3836 1029 3906 Aumay
1062 3835 1165 3889 Les
1196 3849 1305 3904 req.
1340 3833 1405 3888 de
1441 3832 1697 3904 (ἓν-ἐροίη
1732 3833 1830 3887 IX
1866 3838 1904 3889 t.
1930 3833 2004 3887 H
2030 3839 2132 3889 407
2175 3850 2231 3888 n.
2254 3832 2438 3902 3186),
2488 3847 2627 3902 quae
2673 3832 2879 3887 iussa-ta
2923 3837 2999 3886 est
3043 3831 3109 3885 in
3169 3831 3418 3902 Greqorii
3452 3831 3551 3886 IX

607 3921 619 3932 “
669 3924 869 3979 bullam
901 3939 954 3977 α.
980 3927 1108 3978 1236
1140 3920 1257 3974 iun.
1285 3929 1319 3973 4
1353 3917 1596 3974 Pooehast
1633 3918 1764 3989 Ray.
1805 3925 1985 3974 10180.
2021 3948 2090 3958 —
2128 3918 2257 3989 1³09.
2295 3918 2402 3973 JL.
2436 3947 2521 3971 —.

672 4081 709 4120 θ
3095 4076 3178 4137 10
3268 4111 3345 4124 -

676 4080 1050 4251 N2icolaus
1093 4181 1164 4246 11
1210 4179 1504 4245 concedit
1546 4178 1819 4244 Iohanni
1864 4178 2083 4245 abbati
2127 4183 2542 4265 praeceptum
2585 4177 2921 4246 libertatis,
3063 4079 3098 4158 (
3180 4073 3264 4139 59
3351 4075 3465 4153 61)

883 4294 1067 4351 Laud.
1104 4312 1142 4349 a
1177 4291 1499 4348 zamam
1526 4307 1582 4360 p.
1614 4299 1678 4347 92
1711 4308 1780 4347 ex
1816 4290 1873 4347 0.
1911 4321 1976 4332 -
2015 4292 2144 4363 περ.
2181 4290 2298 4347 JL.
2337 4322 2418 4346 -.

675 4423 714 4461 a
3096 4417 3435 4479 1061—73

675 4426 1136 4591 A3101ander
1178 4520 1249 4583 Π
1294 4517 1589 4584 concedit
1632 4518 1798 4583 Urso
1845 4516 2065 4583 abbati
2106 4523 2525 4603 praeceptum
2571 4516 2903 4582 libertatis.
3063 4423 3094 4497 (
3437 4418 3464 4488 )

884 4632 1071 4690 Laud.
1107 4649 1145 4686 a
1180 4628 1582 4698 nonae-cnop.
1613 4634 1683 4684 93
1715 4644 1782 4683 a
1817 4627 1874 4684 0.
1914 4658 1978 4668 -
2015 4627 2280 4698 RQJL.
2318 4659 2401 4684 -.

677 4764 718 4823 4
2768 4749 3019 4816 Velletri
3061 4753 3236 4816 1122
3276 4757 3393 4816 oct.
3421 4752 3470 4813 2

679 4865 1050 4931 calixtus
1093 4861 1163 4925 11
1208 4860 1406 4926 Petro
1451 4855 1670 4922 abbati
1716 4861 1867 4922 etc.:
1922 4857 2379 4923 monasterium
2432 4857 2497 4921 in
2541 4856 2811 4921 tutelam
2853 4854 2917 4920 b.
2949 4856 3132 4921 Petri
3175 4857 3440 4942 suscipit
3483 4865 3552 4923 et

680 4967 1013 5033 confirmat
1054 4964 1493 5051 possessiones
1537 4966 1605 5025 et
1634 4961 1790 5024 iura.
1824 4998 1906 5007 ——
1934 4959 2044 5024 Ad
2089 4961 2211 5026 hoc
2255 4962 2338 5025 in.
2408 4959 2549 5046 Ego
2581 4959 2871 5025 calixtus
2902 4967 3023 5025 etc.
3100 4958 3249 5025 Dat.
3279 4959 3549 5027 Velletr.

681 5093 745 5156 p.
791 5092 876 5135 m.
950 5070 1248 5156 Hugonis
1292 5067 1355 5132 S.
1396 5065 1475 5131 R.
1507 5064 1582 5129 Ε.
1628 5063 1941 5149 subdiac,
1989 5069 2029 5130 6
2060 5087 2206 5131 non.
2254 5072 2412 5151 oct.,
2464 5063 2593 5129 ind.
2635 5070 2696 5147 1,
2743 5066 2864 5129 inc.
2913 5063 2973 5129 d.
3021 5084 3080 5129 a.
3120 5066 3311 5153 1123,
3373 5076 3552 5153 pont.

681 5181 898 5242 antem
944 5173 1005 5239 d.
1053 5173 1292 5240 calixti
1335 5172 1406 5238 11
1447 5191 1557 5260 pp.
1602 5190 1662 5236 a.
1695 5175 1754 5234 4.
