4055 6069
682 459 811 525 226
2000 453 2241 514 Latium.

902 633 1254 698 Praeterea
1326 631 1529 696 multa
1591 630 1964 717 pontificum
2029 631 2468 697 Romanorum
2532 631 2871 717 privilegia
2937 639 3004 697 et
3058 633 3298 697 civitati
3353 630 3562 698 Urbe-

689 745 961 803 vetanae
1040 744 1106 802 et
1179 735 1389 801 studio
1453 736 1741 820 generali
1818 738 1885 800 in
1959 736 2189 802 eadem
2263 737 2421 802 urbe
2496 737 2784 802 instituto
2860 756 3162 802 concessa
3226 735 3563 820 ciprianus

687 841 993 908 Manente
1055 846 1405 911 enumerat.
1514 840 1695 915 Quae
1764 842 1979 905 omnia
2036 861 2293 925 prorsus
2349 841 2614 926 ficticia,
2675 862 2871 927 quum
2932 841 3104 905 omni
3166 842 3561 905 accuratiore

690 944 1077 1011 indicatione
1125 953 1412 1030 careant,
1467 947 1531 1009 in
1575 946 1807 1010 nostris
1851 946 2122 1029 regestis
2168 942 2521 1010 omittenda
2568 964 2708 1010 esse
2752 944 3134 1029 putavimus.

688 1106 729 1165 1
3148 1101 3317 1163 1156
3357 1098 3474 1177 seb.

688 1205 962 1271 Pactum
1006 1206 1173 1270 inter
1215 1204 1686 1270 Hadrianum
1730 1203 1828 1269 Π
1871 1210 1939 1269 et
1981 1203 2288 1288 populum
2334 1202 2813 1269 Urbevetauum
2855 1203 2972 1288 (ex
3012 1210 3198 1288 parte
3241 1202 3305 1267 d.
3350 1222 3561 1287 papae

683 1308 1115 1374 mediantibus
1171 1308 1337 1373 Iulio
1392 1308 1488 1372 tit.
1536 1330 1585 1370 s.
1624 1305 1917 1371 Marcelli
1960 1312 2031 1370 et
2081 1304 2414 1370 Bernardo
2465 1306 2565 1369 fit.
2624 1326 2675 1369 s.
2713 1305 3067 1371 Clementis
3121 1311 3191 1370 et
3240 1302 3562 1368 Bollando

690 1416 791 1478 tit.
846 1435 897 1476 s.
941 1412 1143 1478 Marci
1196 1419 1265 1477 et
1302 1411 1689 1476 cancellario
1744 1416 1812 1475 et
1863 1407 2148 1474 Henrico
2199 1410 2297 1474 tit.
2344 1429 2426 1472 ss.
2455 1409 2654 1475 Nerei
2697 1417 2766 1473 et
2805 1409 3086 1473 Achillei
3127 1407 3342 1493 presb.
3385 1406 3558 1472 card.

686 1524 758 1581 et
798 1517 1085 1582 lacincti»
1129 1538 1181 1580 s.
1212 1515 1457 1581 Mariae
1500 1516 1568 1578 in
1611 1512 1939 1579 Oosmidin
1980 1518 2052 1577 et
2093 1511 2382 1578 Iohanne
2421 1510 2850 1597 Neapolitano
2895 1534 2978 1577 ss.
3008 1511 3219 1597 Sergii
3261 1518 3330 1576 et
3357 1510 3560 1575 Baebi

693 1627 761 1687 et
802 1621 1059 1686 Bosone
1102 1642 1185 1685 ss.
1212 1620 1492 1686 Oosmae
1538 1625 1607 1683 et
1647 1618 1949 1684 Damiani
1984 1617 2157 1682 diac.
2195 1617 2409 1694 θεᾶς
2453 1638 2540 1682 ex
2580 1623 2766 1702 parte
2810 1637 2964 1682 vero
3007 1615 3561 1682 Urbevelunorun

686 1724 904 1791 Rocco
961 1726 1175 1811 priore
1230 1746 1279 1788 s.
1327 1724 1683 1790 Constantii
1736 1729 1802 1788 et
1857 1720 2221 1787 consulibus
2264 1720 2598 1787 Willelno
2653 1722 2957 1787 Iohamis
3011 1722 3181 1807 Lupi
3239 1727 3312 1785 et
3363 1720 3560 1785 Petro

683 1829 971 1895 Alberici
1010 1836 1083 1894 et
1120 1828 1272 1894 neb.
1314 1829 1469 1892 viris
1511 1826 1843 1893 Willelmo
1888 1827 2165 1891 Beccaio
2205 1831 2278 1891 et
2307 1824 2539 1912 Nero):
2587 1825 2881 1891 consules
2907 1826 3199 1891 feneum
3241 1824 3304 1889 d.
3350 1843 3559 1908 papae

680 1933 906 2018 ligium
961 1932 1313 1997 homirnum
1368 1938 1438 1996 et
1486 1929 1887 1996 fidelitatem.
1984 1930 2173 2014 Papa
2230 1928 2411 1994 dedit
2466 1931 2561 1994 eis
2615 1951 2730 2015 pro
2791 1929 3096 1995 benefitio
3153 1926 3320 1994 OOC
3365 1926 3562 1991 libras

570 2092 575 2097 .
682 2035 1175 2101 affortiatorum.

887 2146 1122 2200 Albinus
1171 2144 1257 2200 lib.
1292 2144 1398 2199 XI
1434 2160 1476 2200 c.
1509 2150 1586 2200 36.
1661 2141 1887 2198 Oeneius
1930 2158 1975 2198 c.
2009 2150 2120 2198 106.
2175 2174 2243 2183 —
2291 2141 2435 2198 Edd.
2481 2142 2762 2198 Muratori
2805 2143 2993 2212 Antiq,
3037 2142 3137 2197 IV
3175 2149 3239 2199 35
3284 2165 3349 2189 ··=
3394 2142 3563 2196 Fumi

684 2229 1505 2301 Ood.dip1.p.mada.38.
1592 2228 1817 2285 Ποίησι-
1865 2228 2157 2297 Οοᾶ.ᾱο“Ρ1.
2199 2228 2337 2284 ἄοινα.
2383 2234 2536 2298 temp.
2587 2228 2721 2285 117
2759 2229 3291 2297 πηοωΟΐΑε.
3361 2227 3560 2284 Febre-

680 2312 1598 2386 manuelem—3411..
1635 2346 1718 2370 ·-—.

1055 2402 1397 2459 Hadrianum
1434 2402 1513 2457 IV
1566 2419 1617 2457 a.
1646 2403 1779 2458 1156
1815 2419 1888 2458 un.
1935 2404 2080 2473 sept.
2130 2404 2191 2458 et
2239 2401 2426 2458 octob.
2479 2402 2684 2459 Urbem
2721 2405 2968 2461 veterem
3009 2401 3260 2460 dominio
3310 2401 3364 2456 b.
3405 2400 3559 2458 rou-i

883 2506 1263 2561 recuperasse,
1316 2506 1386 2545 ex
1435 2489 1613 2560 ipsius
1664 2487 1982 2559 privilegiis
2037 2487 2184 2543 datis
2238 2504 2306 2544 ex
2359 2486 2595 2564 civitate
2645 2488 2794 2545 Urbe
2845 2488 3022 2546 veteri
3067 2487 3183 2557 (JL.
3233 2486 3560 2557 10206-08)

886 2578 1070 2647 patet.
1139 2576 1292 2632 Conf.
1320 2575 1516 2633 Vitam
1540 2573 1811 2631 Hadriani
1836 2574 1916 2629 IV
1951 2576 2178 2630 auctore
2215 2573 2431 2631 Bosone
2468 2573 2613 2644 (Lib.
2651 2574 2853 2646 pontif.
2888 2576 2974 2632 ed.
3010 2573 3304 2632 Duchesne
3339 2574 3558 2644 11395).

1841 2824 2400 2902 BOLSENA.

1591 2925 1869 2996 (Volsinii.
1919 2925 2247 2983 Volsinium.
2303 2926 2649 2999 vmainium)

886 3049 1170 3122 Ughelli
1223 3053 1245 3086 ¹
1277 3049 1360 3106 X·
1396 3050 1512 3107 189.
1563 3079 1632 3090 —
1682 3048 1853 3106 Andr.
1888 3048 2127 3105 Adami
2171 3048 2358 3106 Storia
2410 3049 2468 3105 di
2509 3050 2776 3118 Volsena,
2827 3052 3021 3109 antica
3066 3052 3366 3125 metropoli
3412 3053 3561 3109 della

680 3135 933 3201 'lloscana
967 3153 999 3192 e
1036 3134 1127 3192 del
1151 3134 1500 3192 Patrimonio
1538 3136 1739 3203 (Roma
1766 3135 2076 3204 1734-37).
2101 3168 2168 3177 -
2205 3135 2479 3192 Moroni
2513 3135 2828 3194 Dizionario
2854 3138 2905 3193 V
2928 3139 3028 3196 311
3053 3157 3161 3209 sq.;
3199 3139 3296 3195 011
3333 3140 3364 3192 7
3385 3158 3464 3209 sq.
3493 3168 3558 3179 —

680 3221 1129 3293 Cappelletti
1164 3221 1216 3277 V
1267 3221 1368 3278 537
1398 3240 1478 3293 sq.
1534 3251 1597 3262 -
1643 3220 1903 3278 Valerius
1940 3220 2158 3277 Oozza
2210 3221 2441 3294 Origine
2492 3240 2524 3280 e
2575 3223 2807 3280 vicende
2853 3224 3004 3281 della
3048 3225 3193 3282 uitta
3227 3224 3286 3280 di
3322 3226 3562 3282 Bolsena

677 3307 927 3376 (Orvieto
981 3308 1152 3378 1856).
1207 3338 1267 3348 -
1326 3307 1390 3362 V.
1420 3306 1636 3365 (ἔοικα
1681 3307 1946 3364 Memor-ie
1995 3308 2242 3364 storiche
2299 3308 2451 3365 della
2488 3311 2633 3366 citta
2679 3310 2737 3365 di
2771 3310 3011 3368 Bolsena
3046 3310 3247 3380 (Roma
3284 3311 3457 3381 188⁷).
3495 3342 3559 3352 —

676 3393 737 3450 L.
762 3394 954 3450 Fumi
990 3393 1382 3452 Volsiniensis..
1452 3394 1598 3451 Dan*
1635 3393 1887 3453 archivio
1922 3394 2128 3452 stoi-ico
2166 3394 2218 3451 d’
2254 3394 2483 3455 Orvieto
2518 3396 2771 3462 (Orvieto
2809 3397 2981 3466 1892).

1591 3616 2063 3703 Episcopatus
2119 3615 2621 3690 Volsiniensis.

906 3754 1265 3821 Volsinium
1310 3777 1494 3823 secus
1537 3757 1748 3824 lacum
1791 3757 2262 3823 Volsiniensem
2317 3757 2471 3822 olim
2515 3758 2897 3842 episcopalis
2949 3758 3276 3846 dignitatis
3317 3764 3559 3832 honore

704 3857 985 3944 ulgebat.
1078 3859 1205 3925 Sed
1252 3882 1445 3926 unum
1502 3861 1954 3927 documentum
1997 3861 2168 3926 illius
2215 3863 2468 3945 aetatis,
2516 3861 2771 3947 quando
2816 3862 3175 3929 Volsinium
3233 3870 3558 3952 proprium

691 3964 1061 4048 episcopum
1091 3964 1334 4049 habuit,
1379 3964 1464 4030 ad
1507 3987 1623 4029 nos
1665 3966 1959 4051 pervenit
2002 3965 2089 4050 (n.
2130 3964 2213 4052 1).
2280 3964 2646 4031 Invenimus
2691 3968 3025 4051 episcopos
3071 3974 3316 4034 tantum
3359 3993 3559 4059 usque

685 4064 769 4130 ad
823 4066 1150 4131 saeculum
1193 4066 1341 4133 VII.
1453 4068 1805 4155 Antiquam
1848 4067 2323 4134 Volsiniensem
2390 4068 2735 4135 dioecesim
2806 4070 3050 4136 unitam
3118 4092 3261 4137 esse
3327 4076 3559 4160 partim

691 4170 1088 4254 episcopatui
1131 4170 1676 4257 Balneoregiensi,
1722 4173 1957 4257 partim
1986 4170 2399 4238 Urbevetano
2421 4171 2763 4238 Duchesne
2809 4173 3104 4258 opinatur
3132 4174 3355 4261 (Aroh.
3390 4177 3562 4243 della

692 4271 834 4337 Soc.
880 4270 1070 4339 Rom.
1103 4273 1227 4340 XV
1276 4274 1449 4361 488).
1537 4275 1817 4341 Bolsena
1874 4274 2181 4362 oppidum
2234 4277 2443 4362 ipsum
2504 4275 2828 4342 addictum
2883 4284 2983 4343 est
3025 4277 3306 4345 dioecesi
3348 4279 3558 4348 Urbe-

670 4383 960 4442 vetanae.

672 4517 711 4578 1
3267 4559 3348 4570 -

672 4616 1042 4686 Gelasius
1085 4618 1120 4683 I
1174 4619 1535 4686 Secundino
1591 4642 1692 4708 ep.
1733 4622 2090 4688 Vulsinien.
2149 4619 2259 4708 [al.
2301 4619 2642 4709 Visinen.]:
2701 4619 2992 4708 mandat,
3050 4520 3556 4712 uffffiggffum

669 4722 943 4788 Paulum
1003 4722 1198 4808 diac,
1266 4725 1374 4810 qui
1440 4724 1777 4792 honestam
1831 4725 2154 4812 quandam
2213 4724 2518 4791 feminam
2577 4725 2954 4792 indecenter
3010 4733 3078 4792 et
3132 4728 3194 4793 in
3255 4729 3559 4796 damnata

671 4832 809 4891 arte
867 4828 1157 4914 magicae
1214 4830 1671 4895 exsecrationis
1728 4831 2102 4915 appetierit,
2158 4838 2271 4895 aut
2322 4828 2408 4895 ad
2465 4828 2867 4895 adstruenda
2918 4852 3084 4916 quae
3138 4834 3401 4899 iactavit
3443 4833 3558 4898 ad-

672 4931 947 5015 stringat
989 4938 1102 4996 aut
1143 4930 1339 5017 digna
1383 4935 1776 5000 correctione
1822 4939 2208 5020 compescat.
2257 4973 2340 4982 —
2384 4933 2661 4999 Atroces
2704 4935 2981 5000 iniurias.

877 5039 1003 5096 0011.
1038 5040 1208 5098 Bria.
1252 5041 1453 5099 Golas&
1493 5043 1634 5114 lep.
1657 5051 1706 5100 6.
1777 5043 1991 5113 [lvonis
2022 5044 2187 5100 Dect.
2235 5043 2320 5099 lib.
2351 5043 2448 5098 XI
2484 5059 2529 5098 c.
2556 5044 2671 5114 25J.
2722 5074 2790 5085 -·
2847 5043 2993 5100 Edd.
3029 5044 3225 5100 Muri
3259 5044 3408 5102 VIII
3440 5055 3549 5104 181.

672 5124 863 5198 Hique
895 5127 1048 5183 LIX
1092 5135 1211 5184 146.
1294 5128 1439 5184 aaz.
1476 5129 1631 5186 Rom.
1669 5128 1750 5186 ed.
1801 5129 1968 5185 Tuur.
2003 5132 2150 5200 App.
2187 5129 2229 5184 Ι
2257 5136 2370 5187 329.
2456 5127 2607 5184 mel
2648 5129 2792 5201 Epp.
2831 5130 2871 5185 Ι
2900 5136 3007 5188 492
3047 5147 3105 5186 n.
3140 5139 3220 5188 16.
3272 5163 3340 5173 —-
3393 5133 3559 5206 Beqq.

673 5210 877 5267 Ewald
908 5213 972 5268 in
1006 5212 1083 5269 N.
1107 5214 1304 5270 Archiv
1338 5213 1391 5269 V
1417 5223 1507 5271 511
1540 5234 1597 5272 n.
1625 5225 1672 5273 6.
1731 5220 1792 5276 J.
1831 5226 1951 5273 444.
2010 5217 2132 5274 JK.
2168 5222 2288 5273 642.
