4055 6069
1598 459 1814 518 Civitas
1849 459 2229 518 Praenestina.
3266 464 3351 525 49

1512 737 1776 807 Civitas
1819 737 2314 806 Praenestina.

467 825 547 888 *1
2906 822 3267 906 (715—31)

469 928 907 1017 Gregorius
950 930 1020 994 11
1077 931 1249 995 locat
1292 931 1592 996 Anualdo
1651 930 1902 996 tribuno
1949 930 2216 995 fundum
2261 929 2430 994 Casa
2481 929 2688 993 maior
2731 934 2798 992 et
2840 929 3350 1014 Longoieianum

470 1053 554 1097 ex
608 1054 875 1119 corpore
937 1035 1303 1119 patrimonii
1355 1035 1690 1119 Lavicani,
1749 1036 2066 1100 territorio
2112 1033 2534 1099 Praenestino
2597 1031 2728 1094 mil.
2786 1030 2870 1095 ab
2924 1029 3082 1096 urbe
3141 1031 3353 1097 Roma

469 1138 612 1223 plus
656 1139 864 1202 minus
905 1136 1092 1202 XXI.
1194 1129 1205 1139 ’

849 1265 899 1303 v.
925 1246 1329 1304 Patrimonium
1365 1249 1631 1306 Labican.
1669 1268 1721 1303 n.
1751 1250 1832 1305 10.

468 1354 517 1415 2
2855 1352 2982 1415 970
3024 1350 3148 1418 dec.
3187 1352 3270 1416 17

468 1456 503 1519 I
515 1454 855 1521 ohannes
899 1455 1071 1520 XIII
1133 1456 1525 1541 stephaniae
1594 1459 1892 1524 senatrici
1956 1459 2222 1543 eiusque
2281 1456 2428 1521 filiis
2485 1478 2561 1522 ac
2616 1456 2988 1541 nepotibus:
3059 1456 3355 1521 concedit

470 1561 795 1625 civitatem
858 1560 1349 1626 Praenestinam
1409 1583 1552 1626 cum
1609 1563 1781 1627 omni
1825 1560 2084 1646 publica
2138 1561 2397 1627 datione
2444 1567 2511 1625 et
2566 1561 2922 1646 functione,
2979 1560 3096 1625 sub
3160 1581 3355 1625 censu

470 1683 681 1728 annuo
731 1668 808 1729 10
839 1684 973 1728 aur.
1020 1664 1137 1728 sol.

847 1793 896 1829 v.
937 1764 1129 1844 Roma,
1166 1774 1314 1830 Gens
1350 1775 1671 1831 Crescentis.
1707 1794 1759 1832 n.
1786 1778 1831 1831 1.

1812 2052 2012 2123 Cave.

674 2210 996 2265 Marocco
1032 2210 1378 2267 Monumenti
1415 2211 1551 2266 VIII
1590 2211 1689 2268 158
1707 2230 1787 2281 sq.
1816 2243 1877 2253 -
1905 2211 1969 2267 G.
1994 2212 2208 2268 Senni
2245 2209 2511 2267 Memoris
2547 2211 2605 2267 di
2640 2211 2966 2268 Genazzano
3001 2229 3032 2267 e
3068 2211 3153 2269 de'
3178 2211 3353 2267 vicini

468 2295 624 2366 paesi
663 2295 862 2365 (Roma
886 2296 1043 2366 1838)
1080 2315 1135 2368 p.
1163 2298 1355 2367 189sq.
1389 2328 1455 2339 --
1481 2296 1713 2368 Nibby
1750 2298 1967 2354 Analisi
2004 2301 2026 2333 ²
2052 2299 2078 2353 1
2112 2299 2215 2354 445
2241 2317 2322 2368 sq.
2350 2328 2416 2338 —-
2438 2297 2701 2353 Moroni
2738 2296 3055 2354 Dizionario
3091 2296 3170 2352 XI
3194 2298 3354 2369 38sq.

685 2452 859 2520 Cave
907 2454 1235 2541 oppidum,
1283 2455 1455 2542 quod
1500 2458 1652 2521 iuris
1697 2455 1817 2521 fuit
1859 2456 1921 2521 b.
1954 2457 2163 2541 Petri,
2211 2455 2517 2521 subicitur
2559 2479 2599 2521 a
2643 2456 2959 2521 Paschale
3005 2456 3111 2541 H,
3158 2456 3354 2520 Petro

470 2559 552 2623 de
598 2558 959 2643 Columpna
1001 2559 1294 2624 invasore
1342 2561 1633 2645 expuls0,
1696 2562 1873 2625 cuius
1920 2559 2160 2646 oppida
2204 2559 2630 2644 Columpnam
2675 2567 2742 2625 et
2784 2560 3171 2645 Zagarolum
3214 2561 3354 2644 ipse

468 2662 761 2748 pontifex
829 2662 1033 2748 cepit,
1099 2671 1171 2727 ut
1237 2662 1511 2748 legimus
1563 2665 1629 2727 in
1664 2663 1820 2729 Vita
1868 2664 2207 2730 Paschalis
2251 2664 2323 2728 Π
2370 2663 2541 2749 (Lib.
2587 2663 2813 2749 pontif.
2862 2663 2963 2728 ed.
3010 2663 3354 2729 Duchesne

467 2765 537 2829 11
583 2765 757 2852 298).
848 2766 927 2831 In
972 2767 1246 2832 ecclesia
1288 2768 1614 2851 inscriptio
1662 2767 2067 2851 adservatur,
2116 2788 2281 2854 quae
2328 2774 2577 2853 narrat,
2644 2767 2942 2852 Ugonem
2986 2766 3355 2832 Praenesti·

473 2891 738 2935 nensem
784 2891 885 2955 ep.
933 2892 989 2935 a.
1031 2873 1192 2936 1094
1238 2870 1419 2955 april.
1454 2873 1492 2933 2
1539 2870 1743 2935 altare
1775 2870 2106 2936 dedicasse
2139 2870 2314 2957 (edd.
2346 2871 2646 2936 Marocco
2677 2869 2846 2935 VIII
2898 2874 3051 2947 169;
3096 2870 3356 2937 Armel-

474 2974 586 3040 lini
643 2974 708 3039 in
754 2972 1185 3040 Cronachetta
1228 2973 1557 3040 mensuale
1604 2973 1740 3040 Ser.
1773 2975 1836 3042 V
1880 2981 1924 3040 t.
1956 2975 2062 3040 III
2107 2973 2336 3063 (¹890)
2387 2975 2557 3062 167).

688 3148 1122 3232 Documenta,
1184 3170 1349 3234 quae
1396 3147 1479 3212 ad
1524 3147 1698 3214 Cave
1744 3149 2052 3234 oppidum
2111 3152 2374 3235 eiusque
2422 3150 2715 3215 dominos
2760 3155 3084 3235 spectant,
3145 3169 3352 3233 paene

475 3253 688 3317 omnia
733 3272 815 3316 ex
862 3251 1121 3317 archivo
1168 3273 1218 3316 s.
1250 3252 1497 3317 Mariae
1541 3253 1606 3316 in
1638 3252 1764 3317 Via
1807 3253 1941 3319 lata
1987 3253 2068 3318 de
2113 3252 2290 3319 Urbe
2336 3255 2720 3339 sumpsimus
2766 3250 2875 3339 (cf.
2909 3254 3034 3318 vol.
3068 3252 3099 3316 I
3131 3275 3194 3338 p.
3222 3250 3353 3336 79).

473 3425 509 3464 *
2814 3427 3067 3489 1099-
3114 3428 3241 3489 118

474 3430 885 3595 ΡΙαεοΙιειΙὶε
930 3527 1000 3593 H
1042 3529 1239 3594 mittit
1279 3530 1616 3594 Laviniam
1660 3528 2052 3596 abbatissam
2096 3552 2266 3596 mon.
2314 3553 2396 3594 ss.
2429 3531 2679 3615 Cyriaci
2726 3427 3199 3595 et(Nicolai1in
3229 3427 3355 3594 'zia

473 3632 607 3698 lata
649 3635 714 3698 in
759 3632 1230 3718 possessionem
1275 3631 1544 3698 duarum
1589 3633 1867 3718 partium
1913 3634 2161 3699 castelli
2208 3633 2288 3700 de
2334 3633 2510 3699 Cave
2556 3640 2623 3699 et
2666 3654 2894 3699 roccae
2940 3634 3158 3719 ipsius.

851 3761 904 3799 v.
940 3742 1133 3809 Roma,
1167 3741 1313 3798 Mon.
1351 3761 1420 3798 ss.
1448 3742 1668 3814 Cyriaci
1704 3745 1764 3800 et
1800 3743 2021 3800 Nicolai
2061 3744 2117 3799 in
2155 3744 2264 3800 Via
2300 3746 2420 3800 lata
2457 3763 2508 3800 n.
2533 3745 2583 3801 3.

474 3857 556 3922 *2
3068 3857 3235 3921 1125

474 3960 879 4025 Honorius
924 3959 993 4023 11
1037 3959 1233 4024 mittit
1263 3962 1516 4025 nuntios
1561 3961 1645 4026 ad
1675 3963 2008 4027 castellum
2056 3962 2136 4028 de
2169 3962 2365 4047 Cave,
2411 3970 2481 4028 ut
2511 3965 2677 4028 intra
2708 3964 2984 4049 spatium
3033 3859 3351 4026 gdieriim

475 4063 775 4129 Caloleus
834 4063 914 4128 de
961 4061 1135 4128 Cave
1191 4084 1333 4128 cum
1380 4065 1509 4129 suis
1554 4064 1950 4129 consortibus
1995 4066 2080 4131 ad
2124 4068 2364 4132 curiam
2410 4069 2654 4149 veniat,
2725 4067 3088 4151 responsuri
3153 4062 3352 4128 abba-

474 4170 666 4234 tissae
711 4189 880 4233 mon.
929 4189 1011 4231 ss.
1044 4166 1296 4251 Cyl-iaci
1343 4174 1408 4233 et
1451 4167 1704 4234 Nicolai
1751 4170 1815 4234 in
1859 4170 1986 4235 Via
2032 4170 2183 4236 lata.

679 4277 861 4333 Laud.
898 4279 959 4332 in
994 4295 1049 4331 n.
1073 4284 1121 4334 3.
1160 4311 1225 4320 —
1266 4278 1391 4349 Req.
1417 4278 1525 4334 JL.
1565 4311 1647 4334 ——.

470 4387 513 4447 3
2428 4388 2750 4453 Laterano
2795 4386 2964 4452 1125
3008 4383 3196 4468 april.
3229 4388 3271 4448 6

471 4488 707 4554 Coram
764 4489 1109 4554 Honorio
1172 4490 1241 4554 H
1298 4510 1489 4556 causa
1553 4490 1721 4555 inter
1785 4492 2056 4557 Mariam
2130 4491 2518 4558 abbatissam
2592 4513 2761 4557 mon.
2830 4513 2912 4554 ss.
2966 4489 3220 4575 Cyriaci
3286 4495 3354 4553 et

470 4591 723 4658 Nicolai
767 4594 833 4657 in
876 4593 1003 4659 Via
1055 4594 1188 4659 lata
1241 4599 1308 4658 et
1350 4592 1684 4658 Caloleum
1746 4593 1827 4660 de
1872 4594 2047 4660 Cave
2095 4597 2357 4681 eiusque
2405 4602 2760 4681 consortes,
2828 4593 3242 4659 Nauclerium
3287 4599 3354 4657 et

473 4694 924 4762 Udemundum
986 4698 1306 4783 aliosque,
1376 4696 1457 4762 de
1518 4696 1765 4763 duabus
1823 4699 2112 4783 partibus
2173 4700 2420 4765 castelli
2491 4699 2572 4765 de
2630 4700 2804 4765 Cave
2875 4720 3018 4764 cum
3078 4696 3351 4762 ecclesia

472 4824 519 4865 s.
547 4800 858 4886 Stephani
904 4808 971 4866 et
1014 4825 1064 4866 s.
1098 4801 1317 4867 Sabini
1365 4810 1432 4866 et
1476 4801 1556 4868 de
1604 4801 1850 4868 duabus
1894 4803 2184 4888 partibus
2230 4803 2313 4868 de
2358 4824 2547 4869 rocca
2591 4803 2672 4869 de
2717 4802 2892 4868 Cave
2939 4804 3168 4887 agitur.

850 4931 899 4967 v.
937 4911 1131 4978 Roma,
1170 4913 1317 4967 Mon.
1354 4931 1424 4967 ss.
1450 4912 1670 4982 cyriaci
1709 4919 1768 4969 et
1806 4913 2030 4970 Nicolai
2068 4915 2127 4970 in
2162 4913 2273 4970 Via
2309 4914 2431 4970 lata
2465 4934 2519 4971 n.
2545 4917 2593 4970 5.

472 5016 550 5080 *4
3033 5019 3264 5103 (1155)

472 5121 921 5187 Hadrianus
966 5122 1064 5187 IV
1125 5125 1321 5188 mittit
1382 5124 1689 5190 Cencium
1734 5125 1915 5190 Petri
1960 5124 2042 5190 de
2086 5124 2389 5210 Nicolao,
2455 5125 2797 5191 Oddonem
2842 5125 3238 5190 scriniarium
3285 5127 3352 5187 et

474 5224 687 5290 Sicum
732 5225 1132 5310 Quartinum,
1177 5233 1249 5291 ut
1292 5227 1595 5293 Caloleus
1640 5233 1707 5292 et
1738 5226 2160 5292 Odemundus
2205 5250 2348 5293 cum
2396 5250 2618 5294 eorum
2651 5227 3046 5294 consortibus
3093 5227 3351 5291 veniant

573 5344 746 5398 Κοιιτ,
774 5344 906 5388 Italia
930 5344 1158 5398 pontificia
1182 5346 1237 5389 11.
3006 5331 3042 5382 4
