4055 6069
1839 1325 2431 1512 ORTE

1627 1570 1926 1657 (Horta.
1998 1570 2213 1647 Orta„
2270 1570 2656 1657 Hortona)

900 1846 1187 1919 Ughelli
1245 1849 1260 1880 ¹
1315 1846 1339 1900 I
1386 1847 1486 1901 792
1520 1863 1628 1915 sq.;
1695 1848 1717 1880 ²
1768 1845 1794 1899 Ι
1839 1846 1942 1901 733
1968 1865 2049 1915 sq.
2104 1876 2171 1885 —
2226 1847 2268 1902 Ι.
2306 1845 2685 1902 Fontanini
2745 1848 2828 1903 De
2881 1849 3321 1918 antiquitatibus
3370 1849 3580 1907 Hor-tae

694 1935 946 1991 coloniae
983 1934 1336 1989 Etruscorum
1379 1935 1397 1967 ¹
1432 1934 1663 2001 (Romae
1704 1932 1882 2000 1708);
1925 1935 1946 1966 ⁸
1980 1933 2215 2000 (Romae
2255 1933 2423 2001 1723).
2462 1963 2527 1972 -
2565 1933 2895 1990 Casimiro
2932 1935 3094 1991 Mem.
3131 1935 3284 1992 istor.
3321 1936 3412 1992 dei
3446 1937 3582 1992 frati

698 2021 906 2077 Minori
946 2023 963 2056 ¹
1003 2039 1057 2090 p.
1092 2020 1190 2075 201
1226 2037 1333 2088 sq.;
1388 2020 1409 2051 ²
1452 2037 1507 2088 p.
1533 2020 1636 2075 286
1658 2036 1738 2087 sq.
1795 2047 1858 2058 —
1914 2018 1995 2085 (F.
2030 2018 2335 2087 Marone)
2389 2018 2836 2075 Dell'antichita
2889 2021 2974 2076 de'
2993 2021 3218 2077 vescovi
3274 2023 3330 2077 di
3386 2023 3577 2079 civita

693 2105 1014 2161 Castellana
1048 2121 1215 2174 sopra
1250 2102 1441 2173 quella
1478 2103 1535 2157 di
1574 2103 1708 2160 Orte
1744 2103 1944 2170 (Roma
1982 2104 2153 2169 1759).
2210 2135 2273 2145 —-
2330 2103 2431 2158 Th.
2456 2104 2790 2160 Mamachi
2828 2106 2908 2162 De
2944 2108 3303 2179 episcopatus
3340 2109 3577 2165 Hortani

691 2192 1039 2262 antiquitate
1074 2193 1147 2247 ad
1173 2191 1450 2247 Hortanos
1487 2191 1639 2247 cives
1677 2191 1821 2248 liber
1843 2190 2160 2264 singularis,
2231 2192 2494 2247 Accedit:
2532 2192 2808 2248 Adversus
2844 2197 3128 2249 auctorem
3166 2195 3349 2252 libelli
3385 2197 3579 2252 italice

692 2280 889 2351 scripti
926 2281 1008 2336 De
1046 2279 1315 2336 cathedra
1352 2280 1604 2335 Hortana
1640 2278 1989 2335 Civitonicae
2038 2297 2149 2334 non
2183 2278 2549 2349 praeferenda
2596 2279 2825 2345 (Romae
2862 2280 3034 2349 1759).
3070 2311 3137 2320 -
3175 2282 3256 2349 (F.
3282 2283 3580 2347 Marone)

691 2368 1139 2437 Ragionamento
1187 2384 1287 2421 con
1336 2366 1426 2421 cui
1475 2365 1524 2420 si
1568 2367 1838 2422 dimostra
1891 2366 1996 2422 che
2047 2367 2106 2421 la
2155 2366 2284 2421 sede
2331 2366 2610 2421 vescovile
2653 2365 2806 2422 della
2852 2367 2998 2422 citta
3043 2367 3103 2421 di
3140 2367 3279 2423 Orta
3321 2386 3429 2423 non
3467 2372 3580 2438 pub

693 2454 1022 2524 pretendere
1075 2452 1415 2524 superiorita
1459 2452 1519 2507 di
1556 2453 1901 2523 precedenza
1948 2471 2115 2524 sopra
2161 2453 2220 2507 la
2265 2453 2394 2508 sede
2438 2452 2714 2508 vescovile
2764 2451 2823 2507 di
2871 2452 3060 2509 Civita
3110 2453 3432 2511 Castellana
3481 2473 3583 2525 per

690 2541 924 2612 ragione
962 2539 1021 2594 di
1055 2540 1314 2612 maggior
1349 2538 1633 2594 antichita
1669 2540 1755 2607 (In
1796 2538 1973 2595 Roma
2012 2541 2184 2608 1759).
2232 2570 2296 2579 —
2345 2539 2425 2605 (F.
2451 2540 2744 2608 Marone)
2790 2540 3037 2595 Secondo
3085 2542 3136 2606 (e
3182 2544 3353 2609 terzo)
3396 2541 3578 2613 ragio-

691 2632 954 2683 namento
991 2625 1051 2680 in
1088 2626 1179 2682 cui
1228 2625 1277 2679 si
1320 2624 1581 2696 risponde
1633 2625 1746 2681 alle
1781 2625 2002 2697 ragioni
2038 2629 2302 2695 proposte
2349 2625 2443 2681 dal
2481 2627 2761 2681 Mamachi
2810 2626 2869 2681 in
2900 2627 3092 2683 favore
3140 2627 3291 2682 della
3327 2629 3582 2683 cattedra

696 2714 970 2769 vescovile
1013 2713 1073 2768 di
1125 2713 1263 2768 Orta
1310 2715 1503 2768 contro
1541 2712 1598 2767 la
1647 2713 1903 2768 cattedra
1937 2713 2217 2768 vescovile
2273 2712 2330 2767 di
2376 2712 2565 2768 Civita
2600 2713 2922 2768 Castellana
2970 2713 3055 2779 (In
3091 2712 3268 2769 Roma
3306 2715 3476 2779 1759).
3513 2745 3582 2754 -

694 2800 1134 2871 Cappelletti
1179 2799 1257 2854 VI
1307 2800 1375 2855 23
1413 2818 1493 2867 sq.
1544 2830 1606 2840 —
1661 2799 1922 2854 Moroni
1958 2799 2277 2855 Dizionario
2314 2800 2489 2865 XLIX
2529 2800 2628 2856 182
2652 2818 2761 2869 sq.;
2801 2799 2898 2855 CII
2936 2801 3099 2870 39sq.

1686 3076 2162 3161 Episcopatus
2207 3077 2600 3146 Hortanns.

910 3218 1147 3301 Horta,
1202 3217 1466 3301 antiqua
1519 3215 1814 3279 Etruriae
1875 3216 2127 3296 civitas.
2197 3237 2398 3300 prope
2445 3216 2728 3281 Tiberim
2772 3218 3043 3301 flumen,
3110 3220 3241 3282 iam
3287 3239 3451 3282 saec.
3484 3217 3579 3283 IV

697 3321 1051 3406 episcopali
1110 3320 1423 3406 dignitate
1474 3320 1704 3383 floruit.
1797 3319 1876 3383 In
1929 3318 2117 3383 bellis
2160 3322 2328 3385 inter
2371 3319 2699 3384 Romanos
2753 3327 2819 3385 et
2862 3320 3328 3406 Langobardos
3371 3321 3582 3386 Horta

696 3428 907 3490 varias
969 3425 1268 3489 sustinuit
1332 3423 1733 3488 calamitates
1799 3421 1909 3507 (cf.
1970 3423 2158 3487 Pauli
2218 3422 2380 3489 diac.
2441 3424 2609 3489 Hist.
2669 3424 2961 3512 Langob.
3008 3425 3118 3489 lib.
3167 3424 3266 3489 IV
3323 3446 3376 3489 c.
3418 3428 3456 3490 8
3515 3433 3583 3489 et

697 3530 996 3617 Gregorii
1040 3529 1147 3593 III
1208 3527 1550 3613 epistolam
1605 3527 1691 3591 ad
1750 3529 2088 3611 episcopos
2144 3530 2210 3591 in
2277 3529 2510 3593 Tuscia
2569 3527 3146 3615 Langobardorum
3206 3530 3583 3594 constitutos

695 3634 758 3699 J.
812 3637 995 3699 1736.
1064 3632 1183 3698 JE.
1233 3629 1451 3716 2253).
1553 3631 1732 3695 Inter
1790 3633 2156 3716 episcopos,
2217 3633 2328 3717 qui
2380 3652 2637 3716 semper
2679 3632 2975 3697 Romano
3021 3632 3308 3717 pontifici
3353 3634 3580 3697 imme-

697 3736 870 3802 diate
938 3736 1207 3802 subiecti
1286 3736 1494 3820 fuere,
1581 3757 1628 3799 s.
1685 3734 1857 3799 sedis
1919 3737 2313 3819 apostolicae
2382 3737 2581 3820 legati
2648 3737 3012 3801 claruerunt
3089 3736 3397 3801 Arsenius
3465 3735 3581 3800 sub

695 3840 968 3906 Nicolao
1013 3842 1075 3925 Ι,
1123 3841 1354 3905 Petrus
1400 3838 1516 3903 sub
1563 3839 1848 3904 Iohanne
1894 3840 1986 3924 X,
2037 3847 2102 3905 et
2145 3840 2492 3924 Rodulfus,
2551 3842 2661 3926 qui
2720 3840 2801 3906 ab
2846 3841 3138 3906 Honorio
3184 3842 3253 3905 II
3313 3841 3397 3905 ad
3441 3862 3580 3905 car·

697 3944 1052 4009 dinalatum
1082 3949 1433 4030 promotus,
1466 3944 1662 4008 etiam
1694 3945 1759 4007 in
1788 3943 2148 4009 Innocentii
2173 3945 2242 4008 H
2271 3946 2623 4030 privilegiis
2653 3947 2819 4009 inter
2855 3944 3213 4010 cardinales
3245 3948 3582 4030 episcopos

697 4047 1089 4133 subscripsit.
1199 4048 1494 4133 Denique
1563 4069 1620 4112 a.
1683 4051 1844 4114 1437
1912 4049 2208 4113 Hortana
2288 4056 2355 4114 et
2430 4048 2725 4114 Civitatis
2791 4049 3199 4114 Castellanae
3269 4048 3583 4114 ecclesiae

697 4159 962 4238 propter
1027 4152 1309 4237 inopiam
1367 4159 1434 4217 et
1499 4154 1879 4218 tenuitatem
1946 4153 2310 4218 reddituum
2379 4160 2446 4218 et
2509 4135 2930 4236 proventuum
2997 4151 3080 4216 ab
3148 4153 3438 4236 Eugenio
3484 4151 3583 4215 IV

696 4258 914 4321 unitae
962 4263 1136 4338 sunt,
1189 4256 1281 4320 ita
1324 4262 1396 4319 ut
1437 4256 1695 4340 praesul
1741 4255 1890 4320 inde
1936 4258 2375 4342 appellaretur
2418 4256 2669 4321 Hortae
2726 4263 2793 4321 et
2836 4256 3129 4321 Civitatis
3174 4255 3582 4321 Castellanae

699 4360 834 4424 sive
881 4360 1176 4425 Civitatis
1228 4359 1638 4425 castellanae
1698 4366 1766 4424 et
1824 4359 2074 4426 Hortae
2135 4362 2492 4447 episcopus.
2592 4360 2752 4425 Inde
2810 4366 2948 4425 orta
3009 4366 3107 4425 est
3150 4381 3317 4424 saec.
3347 4359 3584 4424 XVIII

699 4464 779 4529 de
825 4465 1205 4549 antiquitate
1251 4462 1503 4528 Hortae
1550 4470 1615 4527 et
1660 4463 1952 4528 Civitatis
1984 4465 2392 4531 castellanae
2440 4465 2891 4547 controversia,
2939 4465 3117 4528 cuius
3163 4463 3357 4528 duces
3403 4461 3582 4527 fuere

697 4569 962 4633 Marone
1009 4575 1075 4633 et
1118 4567 1460 4632 Mamachi.

912 4674 1151 4758 Magna
1196 4673 1362 4737 inter
1390 4672 1561 4736 viros
1592 4672 1877 4738 eruditos
1908 4673 2290 4757 disceptatio
2323 4693 2577 4758 quoque
2611 4679 2727 4756 est,
2776 4677 2905 4737 tres
2949 4673 3102 4737 illae
3145 4670 3515 4755 Gregorii
3551 4668 3585 4732 I

699 4777 1010 4861 epistolae
1070 4775 1262 4861 (Reg.
1324 4775 1431 4840 lib.
1479 4775 1513 4839 I
1582 4796 1681 4862 ep.
1726 4780 1806 4841 32
1868 4775 1952 4841 ad
2004 4775 2368 4841 Romanum
2423 4775 2762 4860 patricium
2820 4782 2887 4840 et
2945 4775 3294 4841 exarchum
3352 4773 3584 4838 Italiae

696 4881 758 4944 J.
810 4882 954 4945 736.
1022 4879 1142 4944 «ΤΕ.
1182 4885 1375 4958 1101;
1421 4879 1586 4966 Reg.
1621 4880 1727 4944 lib.
1761 4879 1859 4945 IV
1904 4902 2004 4965 ep.
2041 4884 2122 4945 39
2169 4880 2254 4945 ad
2285 4881 2526 4945 clerum
2557 4879 2893 4945 Hortonae
2937 4880 2999 4945 J.
3034 4883 3179 4944 946.
3226 4878 3345 4943 «ΤΕ.
3391 4881 3585 4949 1311;

696 4983 862 5070 Reg.
910 4984 1019 5048 lib.
1065 4984 1165 5048 IX
1210 5005 1311 5068 ep.
1366 4988 1485 5048 194
1532 4983 1615 5049 ad
1647 4984 2113 5049 Scholasticum
2146 4984 2552 5049 defensorem
2595 4984 2658 5049 J.
2697 4987 2880 5049 1368.
2951 4982 3069 5048 JE.
3108 4982 3302 5067 1721)
3348 4981 3587 5045 rectius

698 5088 784 5152 ad
826 5088 1104 5153 Hortam
1160 5088 1520 5152 referantur
1577 5110 1659 5153 an
1713 5089 1925 5172 potius
1993 5088 2078 5153 ad
2133 5090 2464 5153 Ortonam.
2549 5087 2953 5173 Quamquam
3009 5111 3113 5153 res
3178 5084 3336 5150 mihi
3394 5082 3587 5150 valde

697 5193 942 5258 incerta
986 5193 1259 5275 videtur,
1304 5193 1421 5257 has
1468 5194 1775 5278 epistolas
1822 5193 1937 5258 sub
1986 5196 2233 5259 Ortona
2277 5192 2613 5258 adducam.
