4055 6069
835 1386 1814 1528 DIOEGESES
1905 1421 3285 1527 SVBVRBIGARIAE

1690 1912 2428 2032 OSTIA

1739 2091 2072 2178 (Hostia.
2103 2092 2369 2178 Ostia)

819 2400 1109 2473 Ughelli
1160 2401 1234 2455 ¹1
1283 2401 1480 2469 64sq.;
1539 2401 1621 2455 ²1
1668 2402 1735 2456 47
1759 2419 1840 2470 sq.
1896 2433 1962 2442 —
2014 2401 2259 2456 Piazza
2313 2399 2615 2457 Gerarchia
2659 2403 2806 2458 card.
2855 2421 2909 2473 p.
2949 2405 3011 2459 11
3042 2421 3123 2472 sq.
3177 2434 3243 2443 —
3303 2402 3497 2459 Fausti

614 2493 743 2546 Ant.
782 2486 1040 2543 Maroni
1090 2486 1533 2543 Commentarius
1579 2487 1647 2542 de
1692 2487 1941 2543 ecclesiis
1985 2492 2046 2544 et
2092 2486 2371 2558 episcopis
2416 2487 2765 2544 Ostiensibus
2817 2493 2876 2545 et
2912 2488 3214 2545 Veliternis
3268 2489 3496 2557 (Romae

617 2577 788 2645 1766).
827 2604 893 2615 —
931 2573 1057 2628 Nic.
1094 2574 1167 2628 M.
1201 2573 1475 2628 Nicolai
1524 2572 1708 2629 Storia
1751 2573 1836 2629 de’
1886 2573 2084 2645 luoghi
2131 2591 2246 2629 una
2294 2574 2449 2630 volta
2497 2573 2704 2630 abitati
2748 2576 2882 2631 nell'
2930 2593 3068 2646 agro
3113 2575 3363 2632 Romano
3412 2576 3495 2630 in:

613 2663 841 2717 Dissert.
877 2661 1006 2715 dell'
1030 2660 1234 2715 Accad.
1273 2660 1427 2715 Rom.
1464 2660 1521 2714 di
1548 2659 1905 2730 archeologia
1939 2661 1993 2714 11
2029 2661 2207 2727 (1825)
2232 2661 2329 2716 471
2354 2679 2435 2729 sq.
2461 2692 2526 2701 —
2552 2662 2616 2715 A.
2641 2659 2871 2729 Nibby
2898 2660 3142 2733 Viaggio
3178 2661 3494 2730 antiquario

612 2747 685 2803 ad
731 2747 892 2802 Ostia
936 2746 1012 2800 ib.
1051 2747 1134 2800 III
1181 2746 1360 2813 (1829)
1397 2747 1498 2801 269
1518 2765 1597 2816 sq.
1652 2777 1718 2786 -
1769 2745 1827 2803 C.
1856 2747 1983 2802 Fea
2037 2747 2221 2802 Storia
2278 2747 2426 2803 delle
2475 2747 2654 2804 saline
2700 2746 2917 2802 d'Ostia
2966 2747 3166 2815 (Roma
3203 2748 3376 2814 1831).
3429 2778 3494 2787 —

612 2833 925 2888 Marocco
969 2832 1314 2887 Monumenti
1341 2833 1444 2887 vn
1483 2834 1647 2902 60sq.
1688 2865 1752 2874 —
1790 2834 1853 2887 A.
1877 2832 2108 2902 Nibby
2145 2832 2363 2887 Analisi
2402 2837 2422 2868 ²
2448 2832 2501 2886 11
2538 2833 2641 2888 426
2661 2852 2740 2901 sq.
2779 2863 2845 2873 —
2881 2833 3141 2889 Moroni
3178 2834 3495 2890 Dizionario

612 2919 655 2973 1.
678 2920 747 2975 43
767 2938 847 2988 sq.
881 2948 948 2959 —
987 2918 1415 2989 Cappelletti
1451 2920 1603 2975 1439
1622 2938 1702 2989 sq.
1727 2949 1794 2959 —
1833 2918 1896 2974 G.
1923 2919 2338 2975 Tomassetti
2374 2920 2436 2974 in
2460 2920 2625 2975 Arch.
2652 2920 2804 2976 della
2827 2920 2947 2975 Soc.
2974 2919 3128 2977 Rom.
3156 2920 3284 2975 XIX
3312 2921 3492 2991 (1896)

610 3006 708 3063 331
732 3024 842 3077 sq.;
881 3005 983 3060 XX
1020 3005 1199 3076 (1897)
1234 3007 1401 3077 45⁸q.
1438 3005 1556 3076 (ubi
1592 3007 1767 3063 fusius
1804 3006 1871 3063 de
1906 3005 2287 3078 scriptoribus,
2325 3007 2422 3077 qui
2460 3007 2528 3064 de
2568 3007 2728 3064 Ostia
2764 3010 3119 3077 tractarunt).

1601 3283 2075 3369 Episcopatus
2120 3282 2496 3352 Ostiensis.

787 3441 1100 3508 Ostiensis
1141 3442 1434 3524 ecclesia,
1480 3440 1793 3529 dignitate
1839 3464 1954 3507 sua
1984 3444 2150 3507 inter
2181 3463 2402 3507 omnes
2434 3442 2606 3507 orbis
2637 3443 2995 3528 episcopos,
3040 3464 3167 3507 uno
3196 3441 3491 3506 Romano

611 3549 911 3634 pontifice
957 3553 1265 3630 excepto,
1323 3545 1706 3632 praefulget.
1800 3545 2114 3611 Ostiensis
2169 3567 2403 3631 nempe
2464 3547 2804 3630 episcopus
2847 3545 3182 3632 praeclaro
3227 3565 3491 3609 munere

610 3650 955 3736 gaudebat,
1003 3659 1071 3716 et
1109 3649 1474 3714 Romanum
1518 3650 1886 3733 pontificem
1933 3635 2210 3715 electum
2256 3649 2669 3715 consecrandi
2718 3649 2828 3735 (cf.
2875 3649 3105 3715 Diurni
3152 3646 3492 3713 formulam

609 3756 801 3821 LVII
846 3754 977 3837 (ed.
1025 3753 1242 3819 Sickel
1273 3776 1334 3838 p.
1368 3753 1482 3840 47)
1529 3761 1718 3839 „tunc
1751 3756 2088 3838 episcopus
2121 3753 2434 3819 Ostiensis
2479 3761 2813 3820 consecrat
2857 3775 3004 3819 eum
3049 3752 3489 3838 pontificem“)

611 3868 678 3926 et
720 3862 1175 3943 imperatorem
1215 3858 1715 3922 consecrandum
1761 3879 1942 3923 sacro
1989 3859 2134 3923 oleo
2179 3857 2545 3944 inungendi.
2635 3858 2814 3922 Inter
2859 3864 3108 3942 septem
3154 3859 3491 3942 episcopos

611 3962 997 4045 cardinales,
1044 3964 1151 4048 qui
1197 3961 1514 4025 adsistunt
1555 3962 1867 4047 pontifici,
1925 3964 2202 4046 primum
2253 3970 2321 4028 et
2363 3962 2783 4046 principalem
2828 3963 3039 4026 locum
3086 3961 3383 4038 obtinuit;
3439 3960 3491 4022 is

610 4073 709 4135 est
754 4069 924 4133 enim
968 4066 1131 4130 sacri
1176 4065 1434 4149 collegii
1479 4065 1897 4130 cardinalium
1945 4066 2243 4131 decanus.

825 4178 953 4244 Sed
1022 4185 1238 4244 tamen
1303 4183 1521 4243 tantae
1587 4179 1774 4243 huius
1837 4180 2246 4264 episcopatus
2313 4179 2610 4264 dignitati
2681 4178 2868 4244 sedes
2928 4180 3192 4264 exigua,
3269 4179 3492 4243 incolis

609 4305 865 4366 carens,
927 4304 966 4347 a
1010 4281 1299 4384 barbaris
1342 4288 1537 4366 atque
1596 4304 1636 4347 a
1681 4281 2016 4347 Saracenis
2073 4284 2305 4348 totiens
2350 4289 2629 4365 vastata,
2675 4282 2980 4366 pestifero
3040 4287 3191 4347 aere
3247 4284 3487 4363 invasa,

609 4387 870 4451 minime
926 4384 1386 4470 respondebat3
1448 4386 1665 4470 itaque
1733 4386 2061 4472 Eugenius
2113 4386 2217 4450 III
2269 4408 2327 4451 a.
2380 4391 2573 4469 1150,
2638 4392 2710 4449 ut
2766 4384 3063 4457 credunt,
3127 4384 3486 4450 Ostiensem

611 4492 984 4576 episcopum
1055 4489 1269 4554 ditiori
1324 4491 1581 4555 civitate
1626 4489 2059 4556 Veliternensi
2111 4492 2319 4575 auxit,
2377 4490 2548 4555 unde
2607 4491 2826 4555 titulus
2895 4512 2984 4574 „s.
3045 4487 3359 4554 Ostiensis
3425 4495 3493 4552 et

608 4594 1072 4660 veliternensis
1117 4594 1429 4659 ecclesiae
1475 4592 1851 4678 episcopus“
1901 4591 2011 4677 (cf.
2044 4593 2366 4679 Velletri).

824 4708 1139 4772 Ostiensis
1185 4708 1472 4791 episcopi
1516 4706 1705 4771 sedes
1750 4707 1903 4771 olim
1947 4705 2213 4771 basilica
2258 4706 2368 4770 illa
2415 4706 2610 4788 fnisse
2655 4705 2937 4788 videtur,
2996 4726 3188 4789 quam
3235 4726 3274 4768 a
3318 4704 3488 4769 Oon-

608 4812 885 4876 stantino
930 4811 1018 4875 M.
1067 4810 1181 4874 sub
1229 4811 1413 4875 titulo
1460 4833 1540 4874 ss.
1574 4811 1754 4876 Petri
1799 4819 1867 4875 et
1908 4810 2098 4875 Pauli
2144 4816 2210 4875 et
2248 4809 2553 4875 Iohannis
2598 4810 2772 4895 bapt.
2820 4815 3247 4874 constructam
3293 4807 3492 4872 refert

610 4915 764 4979 Vita
812 4913 1102 4979 Silvestri
1147 4914 1182 4977 I
1227 4914 1395 4999 (Lib.
1442 4913 1667 4998 pontif.
1717 4913 1817 4978 ed.
1864 4913 2206 4979 Duchesne
2252 4914 2285 4977 I
2333 4918 2486 4990 1833
2532 4913 2891 4978 Mommsen
2935 4935 2998 4997 p.
3031 4912 3161 4997 67).
3252 4913 3490 4976 Postea

608 5017 998 5083 cathedralis
1044 5017 1356 5083 ecclesiae
1414 5017 1792 5103 dignitatem
1848 5017 2123 5083 obtinuit
2164 5017 2432 5082 basilica
2475 5017 2536 5082 b.
2569 5020 2864 5100 Aureae,
2913 5038 3104 5100 qnam
3151 5014 3411 5098 Sergius
3459 5014 3489 5076 Ι

608 5125 679 5209 (l.
736 5144 788 5187 c.
852 5122 1197 5187 Duchesne
1264 5121 1297 5184 I
1354 5127 1508 5199 376;
1576 5122 1935 5187 Mommsen
1997 5144 2061 5206 p.
2098 5120 2253 5207 215)
2321 5130 2387 5187 et
2453 5122 2589 5186 Leo
2635 5121 2739 5185 111
2805 5120 3175 5205 (Duchesne
3241 5118 3312 5182 II
3381 5119 3486 5206 14)

608 5233 1065 5294 restaurarunt.
