4055 6069
700 405 826 467 210
2021 399 2263 456 Latium.

699 563 765 621 et
820 555 996 642 bibl.,
1063 560 1099 623 3
1132 578 1278 623 non.
1325 557 1541 642 april.‚
1586 556 1715 621 ind.
1765 563 1837 641 5,
1902 558 2023 621 inc.
2073 557 2133 622 d.
2182 578 2238 622 a.
2277 560 2473 642 1142,
2518 563 2692 642 pont.
2743 578 2802 621 V.
2857 557 2918 622 d.
2963 559 3323 623 Innocentii
3365 559 3434 622 Π
3476 581 3584 644 pp.

698 681 757 725 a.
797 663 897 726 13.
3177 724 3184 737 .

902 774 973 828 A.
1019 804 1087 812 —-
1137 771 1280 827 Edd.
1319 772 1484 826 Blaesi
1511 788 1569 839 p.
1597 778 1703 827 400
1736 788 1792 827 n.
1817 779 1846 825 7
1882 796 1945 818 =
1986 772 2183 842 Miyne
2235 771 2558 827 CLXXIX
2593 779 2696 827 590
2739 790 2795 827 π.
2828 780 2941 828 524.
3020 772 3189 827 Orioli
3224 773 3257 828 1.
3298 789 3343 828 c.
3378 791 3437 843 p.
3470 781 3585 827 164.

704 860 989 930 Oristofori
1014 878 1076 930 p.
1100 866 1206 916 364
1240 869 1391 915 0211.
1463 857 1636 929 Eqidi
1661 866 1807 928 μω
1842 875 1895 912 π.
1920 865 2001 913 24.
2039 889 2106 898 -
2144 858 2307 930 Reyy.
2354 859 2559 927 Uqhezli
2598 861 2616 893 ¹
2637 859 2718 912 I*
2742 865 2878 924 308,-
2913 861 2935 892 ²
2961 859 3003 913 Ι
3031 865 3165 915 1403
3200 862 3346 927 (non.
3380 858 3584 929 april.).

699 946 768 1002 P.
799 945 1035 1001 Coretini
1062 954 1257 1017 12104.
1303 946 1573 1002 Tum-ivm·
1598 962 1656 1014 p.
1685 951 1771 1000 86.
1834 945 1996 1000 Pinzi
2027 945 2224 1001 storia
2258 946 2300 1000 I
2326 952 2432 1001 130.
2506 945 2558 1001 J.
2583 952 2728 1001 5849.
2800 946 2906 1002 JL.
2931 953 3075 1001 8222.

692 1086 776 1149 *3
3093 1086 3495 1169 (1145—53)

694 1189 1094 1273 Eugenius
1139 1189 1244 1253 III
1289 1188 1583 1254 concedit
1626 1187 2033 1272 privilegium
2079 1191 2514 1275 protectionis.

901 1300 1084 1355 Laud.
1119 1302 1184 1354 in
1216 1318 1270 1355 n.
1296 1310 1343 1356 4.
1382 1330 1447 1342 —
1485 1300 1618 1369 Re9.
1654 1297 1763 1355 JL.
1800 1330 1883 1355 —.

1071 1396 1274 1451 Exstat
1310 1394 1369 1449 in
1406 1394 1638 1451 archivo
1675 1394 1777 1450 sub
1814 1412 1871 1449 n.
1890 1395 1992 1450 746
2026 1395 2383 1451 membranae
2417 1413 2703 1466 resegmen
2719 1438 2732 1461 ‚
2768 1412 2978 1466 paucas
3014 1394 3307 1452 continens
3341 1395 3581 1461 litterae,

903 1483 1066 1552 quod,
1105 1487 1170 1538 ut
1194 1482 1309 1536 iam
1333 1483 1483 1537 recte
1509 1480 1774 1551 opinatus
1798 1485 1885 1536 est
1909 1480 2072 1551 Egidi
2108 1499 2165 1551 p.
2190 1483 2257 1536 59
2280 1500 2333 1537 n.
2359 1482 2443 1549 27,
2479 1480 2719 1553 Eugenii
2744 1483 2826 1536 111
2851 1481 3140 1554 privilegii
3164 1480 3441 1551 reliquum
3478 1490 3581 1535 est.

693 1642 735 1702 4
2031 1620 2049 1643 ⁶
2734 1637 2981 1703 viterbo
3027 1639 3193 1702 1181
3238 1639 3375 1703 iun.
3407 1639 3495 1701 28

692 1743 1150 1809 Alexander
1191 1743 1297 1807 III
1341 1742 1575 1829 Egidio
1622 1741 2014 1828 archipresb.
2064 1748 2217 1808 etc.:
2267 1743 2606 1808 ecclesiam
2647 1766 2698 1807 s.
2731 1744 3060 1808 Laurentii
3096 1742 3449 1809 Viterbien.
3497 1741 3582 1806 ad

696 1847 1031 1931 exemplar
1075 1847 1434 1911 Innocentii
1480 1848 1572 1929 (n.
1615 1846 1688 1929 2)
1733 1852 1800 1912 et
1843 1845 2119 1931 Eugenii
2163 1848 2254 1928 (n.
2288 1848 2361 1929 3)
2414 1846 2531 1911 sub
2589 1853 2794 1932 apost.
2850 1847 3250 1932 protectione
3297 1846 3580 1930 suscipit,

693 1951 1028 2015 confirmat
1071 1952 1510 2035 possessiones
1555 1950 1828 2034 propriis
1869 1969 2210 2034 expressas
2241 1948 2587 2034 vocabulis,
2639 1950 2933 2015 concedit
2977 1951 3074 2013 ius
3124 1948 3579 2034 praesentandi

693 2054 960 2119 clericos
1005 2054 1175 2118 illius
1222 2061 1430 2118 terrae
1479 2059 1546 2118 et
1589 2053 1925 2117 confirmat
1968 2053 2327 2119 oblationes
2372 2053 2454 2119 de
2484 2056 2644 2118 vivis
2689 2061 2757 2119 et
2799 2054 3083 2118 mortuis,
3132 2092 3217 2101 —
3259 2052 3578 2118 Effectum

690 2158 859 2223 iusta
902 2156 1390 2243 postulantibus,
1479 2155 1621 2242 Ego
1666 2156 2044 2221 Alexander
2089 2165 2208 2222 etc.
2285 2157 2540 2223 Subscr.
2589 2161 2627 2222 9
2660 2158 2831 2223 card.
2902 2157 3052 2222 Dat.
3085 2156 3361 2221 Viterbii
3396 2178 3459 2241 p.
3491 2176 3578 2219 m.

689 2261 945 2327 Alberti
991 2260 1053 2326 S.
1094 2261 1173 2326 R.
1216 2261 1291 2325 E.
1347 2259 1558 2346 presb.
1616 2260 1789 2327 card.
1846 2268 1913 2326 et
1955 2283 2163 2347 canc.‚
2221 2269 2257 2327 4
2290 2262 2420 2327 kal.
2468 2264 2608 2348 iul.,
2654 2263 2783 2328 ind.
2836 2267 2943 2348 14,
3001 2264 3123 2328 inc.
3179 2261 3240 2326 d.
3286 2283 3345 2326 a.
3392 2265 3577 2343 1181,

690 2370 867 2448 pont.
912 2385 971 2428 V.
1020 2362 1081 2428 d.
1128 2362 1484 2428 Alexandri
1527 2385 1635 2448 pp.
1682 2364 1787 2428 111
1833 2387 1890 2429 a.
1925 2368 2027 2430 22.

897 2475 967 2529 Α..
1006 2503 1071 2515 -
1110 2473 1253 2530 Edd.
1293 2473 1461 2529 Bassi
1485 2491 1547 2543 p.
1571 2482 1673 2529 401
1704 2491 1761 2529 n.
1789 2481 1824 2529 8
1846 2475 1940 2543 (cf.
1957 2493 2017 2544 p.
2045 2483 2173 2544 100;
2206 2477 2257 2532 4.
2283 2476 2449 2545 iulii).
2509 2476 2866 2547 Ori-dosorip.
2895 2482 2994 2531 372
3027 2494 3082 2531 n.
3109 2483 3188 2531 15.
3248 2474 3417 2546 Eqidi
3431 2491 3490 2543 p.
3514 2481 3582 2527 69

688 2578 744 2616 n.
778 2566 859 2616 37.
908 2593 974 2601 —
1010 2560 1171 2631 Rcyy.
1206 2561 1271 2615 P.
1302 2560 1534 2615 Gor-etim·
1561 2577 1622 2630 p.
1648 2568 1681 2615 2
1714 2560 1790 2614 ad
1834 2563 1951 2619 iem.
1985 2569 2065 2617 27.
2140 2563 2415 2618 Tumozzi
2453 2580 2510 2632 p.
2540 2569 2621 2619 86.
2692 2563 2852 2617 Pinzi
2885 2561 3070 2617 storia
3107 2562 3148 2615 I
3177 2569 3274 2617 187
3305 2566 3414 2616 not.
3441 2571 3469 2614 1
3503 2560 3580 2614 ad

689 2647 787 2701 iul.
812 2656 862 2703 4.
927 2646 981 2702 J.
1022 2653 1176 2704 9360.
1228 2646 1344 2703 JL.
1381 2653 1564 2701 14405.
1954 2678 1965 2685 ι

1574 2869 1899 2937 Ecclesia
1943 2869 2333 2953 collegiata
2377 2886 2434 2937 s.
2466 2869 2700 2955 xysti.

905 3024 1371 3111 Antiquissima
1428 3029 1595 3094 inter
1650 3027 1958 3094 ecclesias
2001 3026 2279 3094 Viterbii
2330 3027 2497 3094 haec
2549 3051 2599 3092 s.
2644 3028 2836 3113 Xysti
2890 3027 3137 3092 colitur.
3235 3025 3442 3092 Recta
3508 3033 3578 3090 et

692 3128 1137 3196 administrata
1183 3138 1282 3196 est
1326 3130 1407 3196 ab
1453 3132 2007 3217 archipresbytero
2056 3154 2140 3198 ex
2185 3135 2506 3197 canonicis
2537 3131 2937 3218 regularibus
2983 3129 3117 3195 ord.
3152 3153 3200 3194 s.
3235 3131 3576 3215 Augustini

690 3233 1038 3298 secundum
1102 3236 1564 3301 institutionem
1633 3236 1898 3301 fratrum
1968 3259 2016 3300 s.
2070 3236 2400 3323 Frigdiani
2474 3236 2860 3302 Lucensium
2940 3233 3028 3319 (n.
3075 3234 3143 3320 3)
3209 3257 3410 3321 usque
3488 3235 3576 3299 ad

690 3358 748 3401 a.
787 3341 971 3423 1468,
1021 3338 1277 3423 quando
1311 3339 1463 3405 data
1508 3340 1629 3405 fuit
1660 3340 2228 3425 archipresbyteris
2260 3340 2838 3422 commendatariis‚
2883 3339 3050 3404 inter
3094 3360 3253 3425 quos
3285 3337 3574 3404 celeber-

688 3442 889 3504 rimus
933 3441 1310 3508 Alexander
1355 3443 1529 3511 card.
1573 3444 1858 3510 Farnese
1906 3443 2013 3530 (cf.
2063 3445 2251 3509 Bussi
2294 3466 2355 3529 p.
2391 3448 2501 3522 63;
2549 3444 2731 3509 Pinzi
2775 3444 2993 3528 Ospizi
3039 3465 3100 3528 p.
3141 3447 3259 3509 172
3285 3442 3427 3529 sq.).

900 3614 1250 3680 Archivum
1308 3637 1391 3681 ex
1435 3618 1719 3681 maxima
1772 3623 1954 3701 parte
2001 3619 2067 3680 in
2110 3617 2368 3681 archivo
2416 3619 2689 3680 civitatis
2732 3616 3154 3682 Viterbiensis
3199 3615 3576 3681 adservatur

688 3714 800 3801 (cf.
855 3717 930 3783 P.
973 3717 1324 3804 Savignoni
1375 3721 1443 3783 in
1494 3721 1690 3785 Arch.
1751 3719 1924 3785 della
1982 3718 2126 3784 Soc.
2178 3720 2364 3786 Rom.
2418 3719 2654 3785 XVIII
2699 3722 2810 3795 263
2880 3718 3057 3784 Gett.
3117 3719 3352 3784 Nachr.
3407 3722 3559 3784 1901

687 3837 749 3904 p.
784 3823 958 3906 205),
1005 3821 1116 3886 ubi
1160 3844 1209 3887 s.
1242 3823 1433 3908 Xysti
1491 3824 1751 3890 chartae
1806 3824 1955 3889 inde
2009 3824 2091 3889 ab
2137 3846 2194 3888 a.
2234 3827 2397 3889 1148
2453 3844 2657 3909 usque
2703 3823 2788 3888 ad
2842 3845 2898 3892 a.
2940 3827 3101 3890 1703
3146 3825 3570 3889 inveniuntur.

688 3923 1023 3999 Quaedam
1054 3946 1208 3991 vero
1259 3926 1641 3993 documenta
1674 3934 1931 3994 exstant
1974 3929 2039 3992 in
2084 3928 2342 3993 archivo
2375 3927 2657 3993 familiae
2687 3927 2990 4012 Farnese,
3039 3928 3211 4013 quod
3240 3926 3432 3993 hodie
3474 3919 3574 3992 est

686 4026 985 4113 Neapoli,
1032 4027 1114 4093 ab
1146 4029 1701 4116 archipresbytero
1734 4031 2278 4097 commendatario
2329 4052 2406 4096 eo
2440 4032 2767 4096 translata.
2835 4031 3049 4096 Unum
3080 4029 3437 4096 Alexandri
3466 4029 3574 4092 ΙΙΙ

686 4131 1095 4219 privilegium
1141 4132 1228 4218 (n.
1265 4134 1352 4221 5),
1401 4156 1486 4198 ex
1529 4136 1652 4201 hoc
1691 4136 1948 4201 archivo
1986 4135 2294 4219 ablatum,
2339 4136 2614 4220 primum
2659 4136 2726 4199 in
2770 4136 3239 4220 possessionem
3285 4133 3572 4198 familiae

684 4233 893 4299 Fusco
941 4237 1216 4315 transiit;
1264 4237 1457 4303 hodie
1509 4246 1921 4305 conservatur
1964 4241 2029 4303 in
2073 4238 2468 4304 bibliotheca
2499 4238 2840 4304 Societatis
2883 4238 3227 4303 historicae
3259 4236 3570 4321 Neapoli-

688 4342 877 4402 tanae
935 4336 1044 4421 (cf.
1105 4338 1281 4405 Gfitt.
1336 4341 1574 4407 Nachr.
1637 4348 1801 4408 1900
1858 4365 1918 4428 p.
1972 4347 2117 4408 211.
2165 4337 2340 4429 217),
2395 4342 2505 4406 ubi
2561 4363 2816 4428 quoque
2877 4349 3088 4406 exstat
3137 4340 3424 4407 Heinrici
3469 4339 3570 4405 VI

683 4448 1103 4528 praeceptum
1148 4466 1265 4529 pro
1313 4447 1585 4511 ecclesia
1629 4470 1676 4510 s.
1712 4445 1876 4511 sixti
1921 4446 2052 4532 (ed.
2102 4446 2781 4513 Scheffer-Boichorst
2833 4449 2896 4510 in
2941 4445 3020 4509 N.
3053 4446 3293 4511 Archiv
3337 4442 3570 4509 XXIV

685 4543 914 4630 (1899)
958 4568 1021 4631 p.
1056 4548 1232 4632 223).

892 4720 946 4772 Α
998 4741 1061 4764 ==
1101 4717 1253 4791 Orig.
1294 4719 1503 4791 Napoli
1540 4721 1704 4777 Arch.
1741 4721 1798 4776 di
1836 4726 1985 4778 stato
2023 4723 2385 4795 (Pergameae
2421 4722 2794 4790 Famesiane).

895 4806 972 4858 Αἱ
997 4828 1061 4851 =
1102 4803 1252 4875 Orig.
1291 4805 1500 4877 Napoli
1529 4806 1679 4863 Bibl.
1715 4808 1867 4865 della
1890 4808 1954 4864 R.
1981 4809 2205 4865 Societa
2227 4808 2588 4879 Napoletana
2623 4809 2681 4863 di
2716 4808 2890 4864 storia
2909 4808 3096 4879 patria
3119 4808 3327 4877 (Fondo
3351 4805 3569 4872 Fusco).

684 4946 761 5005 ⁸1
2995 4949 3481 5034 (1099-1113)

683 5047 1098 5115 Paschalis
1143 5050 1213 5115 Π
1257 5051 1553 5118 concedit
1594 5053 1895 5120 fratribus
1942 5054 2097 5121 eccl.
2145 5078 2195 5121 s.
2226 5057 2397 5121 Xisti
2441 5056 2850 5142 baptismum.

888 5158 1068 5216 Laud.
1103 5162 1167 5216 in
1201 5179 1257 5215 n.
1284 5170 1330 5218 2.
1366 5170 1415 5222 3.
1452 5172 1503 5220 6.
1538 5195 1606 5205 —
1644 5165 1773 5237 Ray.
1810 5166 1926 5222 JL.
1963 5196 2048 5222 —.
