4055 6069
1292 501 1441 558 Eccl.
1475 520 1517 557 s.
1538 500 1865 558 Paterniani
1902 532 1967 543 —
2005 502 2153 557 Mon.
2189 519 2232 555 a.
2258 498 2499 558 Nicolai.
3215 507 3336 568 175

457 677 796 742 Ambrosio
846 698 947 761 ep.
979 675 1308 742 Verulano
1356 697 1759 759 concessam,
1817 675 1935 741 snb
1994 697 2190 743 censu
2248 680 2330 741 20
2362 676 2475 741 sol.
2524 677 2799 741 Proven.
2847 678 3029 741 annis
3074 677 3337 763 singulis

456 803 658 866 usque
705 780 788 846 ad
836 782 1177 845 terminum
1224 784 1306 845 29
1338 802 1647 846 annorum
1695 780 2168 845 solvendorum.
2217 819 2300 826 —-
2346 781 2538 845 Iustis
2584 781 2936 865 petentium
2983 780 3335 845 desideriis,

457 883 606 949 Dat.
656 885 995 950 Tusculan.
1050 890 1125 949 14
1156 884 1287 949 kal.
1335 885 1462 949 iun.
3169 901 3178 911 ·

662 995 716 1050 Β
751 1012 803 1051 α.
830 1003 965 1050 1250
997 995 1125 1049 mai.
1150 1001 1216 1050 28
1248 996 1326 1063 (n.
1352 999 1484 1063 215).
1512 1026 1576 1035 —
1599 994 1703 1050 Ed.
1738 994 1880 1051 Gon.
1908 994 2113 1050 Nachr.
2143 1002 2271 1050 1900
2295 1010 2354 1063 p.
2378 1001 2475 1050 336
2508 1012 2563 1050 n.
2589 1002 2655 1050 22
2688 1010 2751 1050 «ε
2775 996 2840 1049 Β.
2869 1025 2929 1036 -
2961 995 3092 1066 Ray.
3115 995 3226 1050 JL.
3252 1026 3337 1050 -.

832 1090 915 1146 De
937 1108 997 1146 re
1020 1091 1275 1161 superest
1298 1089 1357 1144 in
1378 1090 1609 1146 archivo
1631 1090 1911 1147 Verulano
1937 1094 2012 1159 (n.
2035 1091 2162 1159 656)
2190 1091 2578 1147 documentum
2602 1107 2654 1145 a.
2677 1089 2807 1147 1181
2833 1089 2964 1146 mai.
2983 1090 3048 1146 18
3072 1090 3338 1146 memoria

667 1177 916 1250 dignum,
953 1194 1062 1246 quo
1099 1177 1376 1243 docemur,
1412 1176 1524 1232 iam
1564 1177 1973 1233 Faramundum
1991 1177 2333 1233 Verulanum
2358 1194 2446 1247 ep.
2472 1176 2765 1233 ecclesiam
2789 1195 2831 1232 s.
2857 1175 3045 1248 Egidii
3069 1176 3338 1234 fratribus

661 1283 704 1319 s.
741 1262 1067 1320 Paterniani
1117 1263 1478 1329 concessisse,
1531 1263 1871 1335 impetrante
1907 1264 2225 1331 Francone,
2273 1262 2576 1319 Alexandri
2612 1263 2695 1318 111
2731 1262 3032 1319 camerario
3054 1306 3066 1328 ,
3119 1264 3337 1320 clericis

663 1369 704 1405 s.
731 1350 983 1406 Andreae
1020 1352 1222 1405 tamen·
1235 1348 1766 1407 contradicentibus.
1822 1350 2174 1407 Fax-amando
2213 1350 2473 1408 defuncto
2509 1349 2673 1420 eique
2707 1348 3017 1407 substituto
3045 1350 3337 1407 Ambrosio

663 1437 945 1507 episcopo,
982 1437 1261 1491 statutum
1295 1434 1407 1490 fuit
1440 1434 1590 1490 inter
1612 1434 1795 1505 ipsum
1820 1434 2146 1506 episcopum
2183 1438 2243 1490 et
2276 1435 2640 1490 camerarium
2676 1453 2876 1506 papae,
2913 1438 2980 1492 ut
3003 1438 3337 1493 camerarius

664 1523 875 1579 faceret
926 1521 1045 1578 fieri
1081 1520 1305 1578 litteras
1346 1538 1382 1576 a
1418 1521 1470 1575 d.
1518 1538 1686 1591 papa,
1732 1520 1791 1575 in
1841 1520 2047 1591 quibus
2082 1524 2425 1577 statueretur
2459 1523 2581 1577 sub
2627 1538 2844 1592 poena
2891 1540 3185 1579 excomm
3201 1523 3334 1578 uni·

661 1609 807 1665 cati
825 1609 997 1673 onis,
1045 1609 1196 1678 quod
1231 1607 1471 1664 ecclesia
1515 1625 1556 1662 s.
1582 1607 1771 1678 Egidii
1815 1606 1992 1664 finitis
2026 1608 2095 1664 29
2120 1607 2282 1663 annis
2318 1607 2391 1663 ad
2425 1607 2722 1664 ecclesiam
2755 1627 2796 1662 s.
2824 1609 3077 1666 Andreae
3112 1608 3337 1667 rediret.

662 1695 771 1752 Sed
805 1694 935 1752 dolo
970 1698 1031 1751 et
1067 1694 1361 1759 violentia,
1409 1694 1603 1750 fraude
1638 1697 1699 1751 et
1732 1694 1956 1751 malitia
1975 1735 1988 1762 ,
2036 1696 2101 1749 ut
2135 1694 2476 1752 lamentatus
2511 1697 2599 1752 est
2632 1694 2832 1751 Petrus
2867 1694 3059 1763 iudex,
3114 1696 3187 1752 ab
3220 1697 3337 1767 epi·

661 1799 830 1853 scopo
877 1785 937 1837 et
981 1781 1267 1838 canonicis
1311 1781 1687 1837 Tusculanum
1733 1781 1959 1849 missus,
2012 1780 2240 1836 litterae
2284 1798 2470 1852 papae
2521 1799 2633 1837 non
2683 1781 2911 1838 fuerunt
2946 1783 3131 1838 factae
3176 1782 3235 1837 in
3270 1800 3338 1838 ea

658 1869 865 1935 forma,
909 1867 968 1922 in
1012 1885 1126 1938 qua
1171 1867 1501 1938 promissum
1543 1867 1733 1925 fuerat
1780 1872 1839 1925 et
1890 1872 2186 1925 statutum.
2256 1868 2472 1924 Revera
2508 1869 2680 1925 verba
2715 1868 2820 1924 illa
2861 1870 2992 1934 „snb
3028 1887 3210 1940 poena
3245 1886 3335 1925 ex-

661 1954 1207 2011 communicationis*
1249 1972 1359 2010 non
1394 1954 1659 2026 leguntur
1693 1954 1752 2009 in
1787 1954 2093 2011 Alexandri
2131 1955 2210 2009 111
2245 1954 2533 2026 rescripto.

1538 2231 1859 2299 Ecclesia
1902 2248 1959 2298 s.
1993 2230 2248 2315 Magni.

671 2387 735 2453 S.
767 2388 989 2473 Magni
1034 2387 1308 2453 ecclesia
1352 2386 1541 2453 valde
1600 2389 1864 2473 antiqua
1918 2394 2035 2453 est.
2125 2387 2350 2452 Posita
2406 2386 2526 2451 fuit
2577 2388 2642 2451 in
2688 2390 3005 2454 territorio
3050 2389 3334 2474 Cepera-

455 2493 633 2556 nensi
679 2493 861 2556 iuxta
904 2492 1074 2555 viam
1120 2491 1471 2570 Silicatam‚
1516 2496 1590 2554 ut
1631 2491 1906 2578 legimus
1949 2492 2015 2555 iu
2062 2490 2366 2556 chartulis
2404 2489 2677 2556 Roffridi
2724 2493 3002 2557 consulis
3046 2501 3123 2557 et
3158 2492 3337 2557 ducis

456 2601 522 2660 et
567 2596 816 2659 comitis
861 2594 1256 2680 Campaniae
1302 2618 1360 2662 a.
1394 2599 1519 2661 988
1565 2598 1689 2660 ian.
1721 2598 1759 2661 8
1806 2602 1872 2660 et
1915 2597 2041 2659 990
2071 2596 2197 2660 ian.
2237 2598 2335 2679 18,
2382 2617 2650 2681 quarum
2681 2595 3083 2682 autographa
3127 2596 3335 2662 adhuc

455 2698 875 2764 adservantur
917 2701 984 2763 in
1027 2701 1476 2765 canonicorum
1522 2699 1839 2765 tabulario
1885 2699 2163 2764 Verulis.

667 2871 1048 2955 Iudicatum‚
1097 2873 1268 2958 quod
1314 2874 1621 2958 sequitur,
1668 2878 1767 2937 est
1809 2875 1874 2938 in
1919 2871 2178 2938 archivo
2203 2873 2568 2939 Verulanae
2615 2874 2926 2940 ecclesiae
2965 2873 3059 2962 (v.
3091 2874 3336 2960 Veroli,

454 2974 668 3061 Episc.
714 2997 776 3061 p.
818 2975 989 3062 155).
1227 2971 1238 2985 “

451 3151 486 3210 1
2477 3151 2762 3236 Ceprano
2809 3153 2978 3215 1080
3020 3152 3136 3218 iul.
3165 3155 3252 3218 20

456 3252 690 3319 Coram
736 3252 1119 3342 Gregorio
1166 3253 1297 3318 VH
1341 3252 1481 3339 (qui
1525 3256 1665 3318 erat
1709 3259 2198 3319 castrametatus
2243 3255 2417 3319 foras
2463 3255 2727 3320 castello
2776 3277 2835 3340 q.
2870 3255 2930 3320 d.
2980 3256 3335 3341 ceperam,

458 3378 651 3441 supra
695 3357 1034 3423 ecclesiam
1080 3381 1129 3423 s.
1163 3356 1482 3444 Marinae)
1527 3357 1606 3422 lis
1657 3359 1824 3423 inter
1862 3357 2254 3423 Landulfum
2285 3357 2534 3423 Guinisi
2575 3358 2776 3423 filium
2823 3366 2889 3425 et
2932 3359 3336 3426 Mainardum

457 3460 667 3544 presb.
715 3461 1026 3528 ecclesiae
1085 3485 1135 3526 s.
1178 3461 1401 3547 Magni
1461 3460 1543 3526 de
1607 3461 1973 3527 hereditate
2031 3469 2097 3528 et
2148 3464 2543 3547 proprietate
2605 3463 2918 3529 ecclesiae
2976 3465 3205 3549 agitur.
3252 3502 3338 3512 —

454 3563 595 3649 Ego
641 3564 960 3633 Iohannes
1006 3565 1269 3631 tabellio
1316 3588 1365 3631 s.
1397 3566 1699 3632 Lateran.
1744 3565 1969 3652 palatii
2016 3587 2101 3631 ex
2144 3573 2493 3652 praecepto
2541 3566 2602 3631 d.
2650 3587 2860 3652 papae
2906 3588 3024 3632 scr.

658 3676 716 3732 B
744 3693 786 3732 s.
815 3675 957 3731 XII
976 3686 1053 3745 (n.
1078 3682 1216 3747 461).
1254 3676 1365 3747 [1].
1403 3706 1469 3716 --
1505 3677 1611 3731 Ed.
1653 3676 1928 3749 Pfluqu.
1964 3678 2106 3734 Acta
2144 3677 2217 3732 ΙΙ
2242 3683 2335 3733 136
2356 3695 2413 3732 π.
2437 3684 2531 3732 169
2566 3694 2635 3731 ex
2661 3677 2709 3732 1.
2748 3709 2815 3719 —-
2855 3677 3025 3749 Reyy.
3065 3677 3335 3749 Pfluqu.

458 3761 566 3816 Iter
589 3779 647 3832 p.
673 3769 769 3819 201
791 3780 845 3817 n.
870 3770 986 3818 185.
1040 3763 1148 3818 JL.
1189 3764 1225 3818 1
1246 3781 1305 3833 p.
1329 3769 1438 3818 636.

1424 3955 1937 4023 nonasterium
1987 3973 2044 4022 s.
2076 3954 2372 4024 Nicolai.

668 4112 941 4177 Unicum
990 4111 1471 4197 documentum,
1530 4114 1603 4206 in*
1641 4135 1767 4199 quo
1815 4113 2001 4178 huius
2046 4114 2419 4179 monasterii
2464 4115 2703 4179 mentio
2749 4114 2850 4196 fit,
2897 4112 3069 4199 quod
3114 4113 3332 4193 sciam,

456 4222 553 4280 est
596 4216 955 4282 Alexandri
1002 4216 1105 4280 III
1151 4218 1529 4302 rescriptum
1577 4219 1642 4282 in
1685 4218 2036 4284 Decretum
2084 4224 2432 4303 receptum.

454 4391 494 4450 1
2844 4390 3248 4474 (1159—81)

452 4491 915 4557 Alexander
958 4492 1063 4557 111
1094 4515 1195 4579 ep.
1227 4495 1589 4562 Verulano:
1637 4494 1919 4579 mandat,
1967 4501 2281 4580 quatenus
2312 4485 2611 4559 abbatem
2645 4499 2712 4560 et
2741 4495 2970 4560 fratres
3000 4516 3048 4559 s.
3080 4493 3333 4558 Nicolai

455 4596 536 4661 de
583 4596 922 4680 Ceperano
969 4598 1052 4662 ad
1096 4603 1535 4685 receptionem
1593 4601 1668 4665 P.
1716 4598 1927 4665 Rubei
1971 4599 2216 4682 clerici,
2276 4600 2384 4684 qui
2440 4599 2592 4663 olim
2651 4597 2823 4684 apud
2874 4599 3332 4663 monasterium

454 4724 501 4764 s.
536 4700 885 4765 Salvatoris
933 4701 1013 4767 de
1045 4701 1303 4768 Telesia
1346 4704 1467 4768 sibi
1505 4705 1692 4790 petiit
1735 4703 2025 4769 habitum
2072 4704 2493 4768 monasticum
2540 4702 2876 4787 indulgeri,
2923 4700 3329 4787 postmodum

454 4811 669 4869 autem
716 4803 801 4869 ad
844 4808 1301 4872 monasterium
1348 4808 1508 4872 illud
1538 4809 1828 4892 accessit,
1876 4806 1990 4872 sed
2038 4828 2203 4893 quae
2245 4807 2555 4873 ecclesiae
2589 4828 2637 4870 s.
2671 4806 2919 4871 Nicolai
2953 4804 3330 4887 contulerat,

454 4907 573 4971 sibi
640 4907 797 4972 fecit
841 4911 1115 4993 restitui,
1192 4910 1369 4974 nulla
1420 4912 1669 4976 ratione
1741 4908 2091 4994 compellat
2140 4910 2372 4973 invitos
2425 4930 2544 4973 nec
2606 4931 2645 4973 a
2699 4908 2939 4994 populo
2995 4908 3329 4991 ceperano

454 5012 754 5097 compelli
799 5015 1148 5096 permittat.
1195 5053 1279 5061 —
1323 5013 1428 5078 Ex
1474 5015 1845 5079 transmissa
1888 5011 2222 5078 relatione.

665 5122 1327 5194 Gmnp.112‘b..1250..4
1393 5117 3328 5239 Decrssreqmiilxzffim1t903-Eddmu9ustimrarmc-on.

456 5208 588 5278 Opp.
629 5209 722 5264 IV
748 5217 832 5264 29.
909 5209 1213 5282 Friedbery
1249 5211 1318 5265 ΙΙ
1353 5217 1467 5266 103.
1508 5240 1569 5251 —-
1610 5209 1772 5280 Reqq.
1809 5209 1871 5263 J.
1910 5215 2053 5264 9182.
2091 5208 2404 5263 JL.14123.
