4055 6069
1188 466 1536 527 Patrimonia
1571 467 1623 526 S.
1652 470 1715 525 R.
1740 467 1802 527 Ε.
1841 504 1907 514 -·
1945 468 2353 529 Patrimonium
2388 471 2627 545 Appiae.
3256 482 3294 545 3

628 643 1040 710 Patrimoniis
1086 645 1149 710 S.
1180 646 1260 710 R.
1293 646 1367 711 E.
1417 646 1935 712 administrandis
1966 648 2341 714 subdiaconi
2371 656 2483 713 aut
2512 650 2743 713 notarii
2791 647 2854 713 S.
2886 648 2965 714 R.
2998 648 3072 714 E.
3106 671 3296 734 prae-

415 747 616 831 fuere,
664 749 893 834 quibus
936 750 1270 835 pontifices
1313 773 1431 837 per
1474 758 1824 837 praecepta
1869 754 2218 839 singularia
2260 775 2477 819 curam
2507 754 2873 838 patrimonii
2918 754 3299 841 delegarunt

414 851 524 937 (cf.
571 861 989 939 praeceptum
1037 854 1387 920 ordinatori
1432 857 1609 921 eunti
1654 857 1720 920 in
1764 859 2220 941 patrimonium
2266 859 2332 923 in
2360 857 2588 923 Diurni
2633 859 2818 924 form.
2848 859 2960 923 LI.
2992 859 3118 924 LII
3162 858 3295 945 (ed.

414 956 631 1023 Sickel
693 980 755 1042 p.
796 963 898 1022 41.
947 957 1059 1043 42)
1119 965 1185 1023 et
1240 959 1414 1045 apud
1466 959 1831 1025 Deusdedit
1884 960 1992 1026 lib.
2044 961 2150 1026 ΠΙ
2211 984 2265 1027 c.
2318 967 2458 1027 145.
2512 967 2632 1028 146
2692 960 2861 1049 [124.
2915 961 3061 1050 125]
3117 960 3295 1048 (edd.

412 1063 788 1127 Martinucci
846 1084 908 1147 p.
953 1065 1107 1139 2983
1154 1062 1345 1127 Wolf
1381 1084 1440 1132 v,
1475 1062 1774 1129 Glanvell
1831 1087 1894 1150 p.
1938 1062 2094 1150 331)
2157 1071 2225 1130 et
2288 1065 2536 1130 litteras
2601 1066 3167 1131 commendaticias
3231 1069 3297 1130 in

413 1164 641 1230 Diurni
699 1165 884 1231 form.
916 1166 1342 1232 LIII—LVI
1402 1166 1533 1253 (ed.
1590 1167 1808 1233 Sickel
1853 1191 1915 1253 p.
1949 1166 2263 1252 43—46)
2321 1175 2388 1234 et
2439 1169 2609 1254 apud
2654 1168 3017 1235 Deusdedit
3058 1169 3166 1235 lib.
3193 1170 3297 1234 ΠΙ

416 1291 466 1333 c.
507 1273 843 1335 147-149
879 1268 1268 1358 [126-128]
1300 1270 1475 1355 (edd.
1498 1272 1875 1337 Martinucci
1901 1294 1963 1358 p.
1991 1274 2148 1349 2993
2179 1271 2371 1336 Wolf
2393 1294 2450 1337 v.
2484 1271 2779 1339 Glanvell
2809 1296 2871 1359 p.
2906 1274 3296 1361 332—333).

413 1375 766 1440 Praeterea
831 1375 1073 1441 multae
1133 1374 1377 1441 Gelasii
1406 1376 1470 1460 I,
1528 1376 1782 1462 Pelagii
1811 1376 1846 1440 I
1904 1382 1971 1441 et
2027 1375 2327 1461 Gregorii
2357 1376 2392 1440 I
2454 1378 2767 1463 epistolae
2830 1377 2914 1442 ad
2973 1385 3299 1443 curatores

414 1480 941 1563 patrimoniorum
986 1482 1218 1546 missae
1262 1481 1329 1545 in
1372 1481 1627 1545 illorum
1681 1482 1952 1566 regestis
2006 1482 2439 1565 inveniuntur,
2509 1503 2668 1567 quas
2722 1503 2836 1546 suo
2891 1482 3034 1547 loco
3067 1480 3298 1547 offere-

413 1604 572 1647 mus.
658 1578 992 1648 Adnotare
1039 1605 1294 1669 quoque
1340 1586 1516 1649 iuvat
1564 1584 2041 1669 „Iuramentum
2087 1586 2283 1650 totius
2327 1587 2694 1669 patrimonii
2738 1585 2799 1650 b.
2832 1584 3073 1670 Petri“,
3122 1588 3299 1650 cuius

414 1687 689 1753 formula
750 1695 964 1753 exstat
1020 1688 1193 1773 apud
1237 1688 1598 1754 Deusdedit
1648 1688 1757 1753 lib.
1789 1688 1895 1752 III
1949 1710 2003 1753 c.
2035 1691 2161 1754 283
2209 1687 2384 1775 [155]
2445 1687 2621 1773 (edd.
2676 1690 2980 1755 Zaccaria
3024 1689 3093 1753 H
3143 1693 3297 1767 163;

411 1791 684 1858 Roziere
750 1790 949 1856 Liber
1006 1791 1266 1856 diurnus
1324 1815 1388 1877 p.
1422 1795 1581 1869 2533
1638 1792 2016 1857 Martinucci
2061 1814 2124 1877 p.
2160 1795 2316 1868 3383
2365 1791 2556 1855 Wolf
2592 1813 2650 1856 v.
2684 1792 2981 1857 Glanvell
3026 1815 3088 1877 p.
3125 1793 3298 1879 392),

415 1895 586 1979 apud
633 1895 940 1961 Albinum
984 1897 1092 1963 lib.
1126 1897 1191 1962 X
1237 1918 1290 1966 c.
1326 1901 1407 1964 38
1455 1904 1521 1962 et
1564 1897 1871 1963 Oeneium
1917 1919 1969 1962 c.
2011 1902 2125 1963 161
2176 1895 2307 1981 (ed.
2352 1894 2963 1963 Fabre-Duchesne
2993 1897 3028 1961 I
3057 1897 3232 1983 421).

1421 2224 1953 2294 Patrimonium
1996 2223 2291 2309 AppIae.

422 2330 462 2389 1
2795 2334 2920 2395 604
2964 2330 3097 2394 ian.
3127 2330 3212 2395 25

416 2429 842 2517 Gregorius
885 2435 919 2498 I
982 2434 1185 2499 Felici
1251 2434 1533 2500 subdiac.
1603 2441 1669 2501 et
1734 2436 1967 2501 rectori
2035 2435 2403 2519 patrimonii
2465 2435 2750 2521 Appiae:
2820 2435 3162 2519 praecipit,
3231 2440 3302 2497 ut

419 2557 698 2600 massam
743 2537 967 2622 Aquas
1009 2538 1257 2603 Salvias
1302 2560 1445 2603 cum
1492 2538 1783 2603 omnibus
1828 2538 2041 2603 fundis
2085 2540 2214 2603 suis
2259 2545 2326 2604 et
2371 2539 2529 2603 duos
2557 2539 2777 2603 hortos
2820 2540 2988 2603 inter
3017 2537 3299 2602 Tiberim

421 2647 487 2704 et
539 2642 823 2727 porticus
878 2641 1191 2706 ecclesiae
1240 2665 1287 2706 s.
1335 2642 1524 2707 Pauli
1567 2643 1838 2727 positos,
1897 2643 2084 2707 simul
2130 2649 2196 2707 et
2241 2641 2511 2707 terrulas
2557 2663 2616 2727 q.
2665 2664 2722 2707 v.
2768 2641 2973 2707 Fossa
3016 2642 3301 2725 latronis,

421 2764 460 2807 a
504 2766 645 2810 sese
694 2745 1006 2810 ecclesiae
1051 2768 1100 2810 s.
1147 2746 1335 2810 Pauli
1381 2745 1462 2810 de
1507 2746 1686 2810 Urbe
1732 2746 2023 2831 donatas,
2071 2746 2154 2811 ad
2199 2768 2435 2812 nomen
2476 2745 2664 2811 huius
2709 2745 3023 2811 ecclesiae
3068 2744 3299 2810 tradat.

799 2874 849 2912 v.
873 2855 1066 2923 Roma,
1103 2857 1252 2912 Eccl.
1288 2875 1329 2912 s.
1368 2855 1532 2912 Pauli
1567 2859 1726 2912 extra
1761 2874 1945 2913 muros
1981 2876 2036 2912 n.
2062 2858 2112 2912 3.

421 2959 503 3024 *2
2855 2962 3216 3047 (715—31)

422 3061 847 3150 Gregorius
876 3067 945 3132 H
997 3069 1171 3134 locat
1229 3068 1556 3154 Stephano
1619 3069 1948 3134 exconsuli
2002 3068 2270 3133 fundum
2326 3067 2547 3133 Flabis
2605 3073 2674 3132 et
2716 3065 2981 3131 fundum
3027 3065 3301 3150 Horrea,

422 3168 546 3233 sita
576 3169 637 3234 V
681 3172 814 3236 mil.
863 3171 945 3237 ab
989 3172 1145 3238 urbe
1191 3172 1403 3238 Roma
1446 3174 1552 3237 via
1593 3174 1846 3238 Latina.

628 3280 934 3337 Deusdedit
980 3285 1070 3339 lib.
1096 3284 1206 3339 111
1232 3301 1272 3339 c.
1297 3292 1397 3340 251
1433 3284 1591 3356 [149]
1626 3301 1691 3340 ea:
1730 3285 1950 3354 nqis-tro
1994 3283 2243 3354 Gregorii
2283 3283 2521 3337 iunia-is
2555 3281 2696 3352 (edd.
2735 3281 3071 3337 Mminucci
3100 3298 3155 3349 p.
3183 3289 3306 3346 326,-

435 3365 589 3431 Wolf
614 3385 659 3423 v.
699 3368 942 3425 Glanvell
966 3387 1024 3439 p.
1047 3375 1186 3438 374).
1238 3371 1474 3427 Albinus
1506 3371 1592 3428 lib.
1621 3371 1685 3425 X
1712 3388 1756 3427 c.
1779 3379 1865 3428 30.
1927 3370 2153 3426 Oeneius
2187 3386 2231 3424 c.
2261 3378 2316 3424 71
2352 3369 2452 3437 (cd.
2489 3368 2976 3424 Fabre-Duchesne
3000 3372 3039 3422 I
3062 3371 3196 3438 353).
3233 3399 3302 3409 —

419 3452 582 3525 Reqq.
618 3455 672 3510 J.
698 3464 832 3512 1716.
868 3458 1153 3514 1122227.

799 3544 868 3598 cf.
906 3543 1244 3601 Tomassetti
1281 3545 1339 3600 in
1374 3545 1540 3602 Arch.
1579 3545 1730 3601 della
1765 3543 1884 3600 Soc.
1922 3543 2079 3599 Rom.
2108 3544 2188 3598 111
2229 3542 2354 3606 143;
2392 3542 2527 3596 VIII
2562 3542 2682 3597 399.

420 3664 505 3726 *3
2887 3662 3186 3728 715—31

419 3767 846 3855 Gregorius
875 3770 944 3835 H
985 3772 1161 3838 locat
1203 3771 1546 3838 Gemmulo
1594 3774 1757 3838 diac.
1804 3770 2073 3836 fundum
2117 3769 2587 3853 Dometiorum,
2633 3771 2738 3834 via
2768 3664 3125 3835 Argeatina
3169 3667 3300 3833 1i1i1.

417 3873 566 3957 plus
608 3875 818 3939 minus
848 3875 1047 3940 VIHI
1092 3877 1174 3942 ab
1220 3877 1377 3943 urbe
1421 3878 1650 3961 Roma,
1698 3899 1782 3943 ex
1826 3896 2094 3960 corpore
2143 3873 2486 3939 suburbani
2531 3873 2900 3958 patrimonii
2941 3874 3219 3958 Appiae.

625 3977 919 4032 Deusdedit
963 3980 1046 4036 lab.
1073 3980 1186 4034 III
1208 3997 1249 4035 c.
1278 3987 1374 4036 235
1408 3980 1569 4052 [149]
1614 3996 1681 4035 ex
1726 3981 1950 4049 registro
1990 3976 2238 4048 Greqffli
2280 3977 2515 4032 iunioris
2550 3975 2690 4043 (edd.
2733 3974 3067 4029 Martinucci
3092 3992 3152 4042 p.
3176 3981 3305 4042 324,-

431 4061 588 4128 Wolf
612 4080 659 4119 v.
693 4064 935 4120 Glanvell
960 4083 1014 4134 p.
1041 4068 1181 4136 370).
1252 4068 1482 4122 Albinus
1515 4068 1599 4122 Ζῶ.
1628 4068 1689 4122 Χ
1722 4083 1767 4122 c.
1790 4073 1873 4122 30.
1937 4064 2162 4119 Oeneius
2195 4080 2236 4120 c.
2267 4072 2322 4119 71
2357 4063 2459 4134 (ed.
2496 4061 2975 4118 Faba-Dudum
3009 4061 3045 4114 1
3065 4062 3200 4130 352).
3237 4091 3307 4101 —

419 4148 583 4219 Rem.
608 4151 670 4207 J.
695 4159 838 4207 1699.
874 4153 991 4209 JE.
1017 4161 1156 4209 2211.

799 4239 868 4293 cf.
894 4239 1233 4296 Tomassetti
1258 4240 1294 4296 l.
1322 4259 1368 4296 c.
1396 4241 1447 4295 11
1472 4241 1591 4297 398.
1616 4270 1684 4282 -
1720 4242 1806 4296 An
1831 4241 2155 4297 Gemmulus
2192 4239 2338 4295 idem
2362 4238 2438 4293 sit
2463 4254 2530 4293 ac
2553 4235 2877 4293 Gemmulus
2900 4234 3000 4291 ille
3036 4234 3303 4289 diaconus

623 4341 666 4378 s.
692 4325 839 4380 sedis
875 4327 1237 4396 apostolicae,
1275 4333 1473 4399 postea
1495 4329 1941 4390 archidiaconus,
1978 4328 2077 4398 qui
2113 4347 2155 4383 s.
2183 4324 2465 4381 Bonifatio
2488 4341 2538 4379 a.
2567 4324 2668 4378 745
2692 4324 2831 4378 duas
2855 4321 3123 4393 epistolas
3149 4319 3303 4374 misit

624 4416 685 4468 et
719 4413 791 4468 ab
828 4430 894 4468 eo
928 4413 1098 4469 aliam
1134 4414 1353 4485 recepit
1386 4416 1555 4485 (Mon.
1593 4415 1775 4471 Germ.
1812 4415 1954 4485 Epp.
1978 4412 2206 4470 111308.
2233 4412 2350 4468 327.
2375 4412 2519 4479 390),
2555 4410 2614 4465 in
2651 4409 2822 4466 dubio
2858 4407 3129 4477 relinquo.

420 4567 503 4630 *4
2887 4563 3215 4638 715—31)

418 4668 848 4759 Gregorius
877 4674 949 4740 H
992 4677 1163 4744 locat
1191 4678 1514 4744 Genesiae
1546 4677 1609 4745 h.
1642 4678 1685 4742 f.
1719 4677 1953 4741 fundos
1982 4675 2499 4761 Capitonianum,
2530 4574 2933 4752 Dostianu1(n,
2963 4667 3298 4748 Viricaria‚

419 4785 761 4849 Tatianum
821 4806 966 4850 cum
1014 4783 1306 4849 omnibus
1364 4783 1520 4867 suis,
1581 4783 1777 4846 etiam
1834 4787 1900 4845 et
1957 4778 2324 4865 aquimolis,
2392 4798 2529 4861 pos.
2586 4776 2650 4839 in
2705 4793 2920 4837 massa
2984 4770 3304 4835 Camustis

419 4889 601 4953 iuxta
643 4909 940 4974 campum
986 4887 1421 4969 Barbaricum,
1470 4907 1553 4950 ex
1598 4906 1866 4971 corpore
1911 4883 2280 4968 patrimonii
2324 4881 2598 4966 Appiae.

623 4990 924 5047 Deusdedit
974 4991 1065 5047 lib.
1093 4991 1203 5044 III
1229 5006 1274 5045 c.
1297 4995 1402 5043 247
1432 4988 1589 5059 [149]
1637 5004 1704 5042 ex
1735 4988 1960 5058 reyistro
2003 4985 2250 5056 Gregorii
2285 4984 2520 5038 iunioris
2553 4980 2692 5049 (edd.
2730 4976 3070 5032 Martinucci
3097 4979 3309 5042 12:326,-

428 5080 588 5147 Wolt‘
611 5097 655 5135 υ.
688 5078 935 5135 Glanvell
958 5095 1018 5147 1²·
1040 5080 1173 5148 373).
1229 5076 1462 5132 Albinus
1497 5076 1580 5131 lib.
1610 5075 1673 5129 X
1707 5091 1752 5130 c.
1779 5080 1864 5129 30.
1926 5072 2155 5128 Oeneius
2189 5087 2232 5125 c.
2263 5079 2321 5125 71
2355 5069 2455 5138 (αἱ.
2484 5064 2975 5125 Γαϋνε-Βιισλοεηε
3013 5061 3050 5116 1
3069 5061 3210 5124 353).
3237 5089 3305 5099 —

419 5165 579 5235 Rcyq.
616 5165 669 5221 J.
695 5173 832 5221 1711.
869 5165 977 5221 «ΤΕ.
1002 5172 1145 5221 2223.

796 5253 865 5308 cf.
904 5252 1240 5310 'Pomassetti
1280 5252 1317 5307 l.
1354 5269 1401 5306 c.
1428 5251 1478 5305 11
1521 5251 1645 5314 140;
1684 5249 1818 5305 VIII
1856 5249 1922 5303 52
1941 5265 2023 5316 sq.
2929 5322 2993 5376 1*
