4055 6069
1126 501 1419 558 Gurdimer
1454 518 1637 558 comes
1672 533 1738 542 —
1776 503 1921 558 Mon.
1957 521 1998 557 s.
2037 501 2333 559 Michaelis
2368 522 2422 573 q.
2458 504 2511 559 d.
2548 502 2805 573 subripe..
3095 552 3100 559 .
3324 510 3405 572 23

780 794 1296 865 nonasterlum
1343 793 1797 863 §.Michaelis
1844 815 1911 879 q.
1958 794 2024 862 d.
2073 794 2383 879 subt-ipa
2426 795 2638 863 iuxta
2681 794 3156 864 Cerveterem.

735 969 947 1035 Valde
1016 971 1346 1054 antiquum
1411 969 1664 1041 videtur
1729 970 1923 1035 fuisse
1990 971 2114 1035 hoc
2176 973 2662 1055 monasterium,
2731 973 2882 1036 olim
2949 970 3407 1036 monachorum

523 1075 761 1141 ordinis
815 1098 864 1139 s,
909 1073 1246 1139 Benedicti
1300 1072 1409 1158 (cf.
1456 1074 1667 1139 Lubin
1711 1097 1772 1159 p.
1809 1075 1983 1162 377).
2074 1078 2264 1140 Anno
2326 1078 2489 1141 1256
2548 1076 2730 1160 april.
2774 1080 2854 1141 23
2914 1076 3407 1161 „monasterium

519 1203 566 1244 s.
609 1179 848 1265 Angeli
908 1178 1024 1242 sub
1088 1177 1258 1263 Ripa
1320 1179 1511 1242 situm
1576 1200 1777 1264 prope
1846 1185 2126 1243 castrum
2181 1179 2574 1263 Oerveteris,
2644 1178 2949 1245 Portuen.
3021 1180 3255 1262 dioec.‚
3324 1177 3408 1241 ad

517 1283 879 1348 Romanam
934 1282 1273 1347 ecclesiam
1330 1282 1505 1347 nullo
1563 1282 1777 1346 medio
1833 1284 2188 1367 pertinens,
2246 1283 2420 1368 quod
2475 1284 2627 1347 olim
2684 1284 2922 1348 ordinis
2980 1306 3029 1348 s.
3068 1281 3408 1348 Benedicti

522 1409 661 1453 esse
709 1392 1147 1469 consueverat,
1195 1406 1339 1450 cum
1386 1386 1678 1469 ecclesia,
1726 1386 2021 1451 domibus
2069 1394 2135 1452 et
2179 1387 2455 1452 claustro
2502 1409 2579 1452 ac
2626 1388 2849 1453 terris“
2900 1388 3021 1451 fuit
3050 1386 3408 1451 subiectum

522 1491 602 1556 ab
648 1489 1022 1555 Alexandro
1068 1489 1166 1554 IV
1209 1488 1593 1553 monialibus
1662 1489 1900 1553 ordinis
1954 1490 2396 1555 Cisterciensis
2441 1493 2505 1554 in
2551 1494 2939 1557 monasterio
2986 1514 3035 1554 s.
3082 1489 3406 1555 Pancratii

521 1594 602 1660 de
647 1593 822 1658 Urbe
871 1592 1251 1678 degentibus
1296 1592 1404 1676 (cf.
1451 1593 1691 1657 Bourel
1739 1593 1819 1658 de
1866 1594 1930 1658 la
1960 1593 2279 1659 Ronciere
2324 1595 2454 1659 Les
2497 1596 2803 1680 registres
2836 1593 3273 1659 d'Alexandre
3308 1592 3408 1657 IV

522 1704 565 1763 t.
597 1697 630 1760 I
678 1702 802 1763 383
850 1719 909 1762 n.
950 1696 1162 1783 1281).

735 1888 1108 1952 Monasterii
1175 1910 1224 1951 s.
1280 1888 1615 1953 Michaelis
1659 1895 2075 1953 monumenta
2120 1890 2272 1954 olim
2319 1887 2824 1955 adservabantur
2885 1890 2948 1952 in
2995 1887 3310 1953 tabulario
3357 1909 3405 1950 s.

520 1993 847 2056 Pancratii
907 1991 986 2056 de
1033 1990 1210 2056 Urbe
1262 2013 1464 2076 usque
1520 1990 1602 2055 ad
1649 2013 1707 2056 a.
1747 1996 1941 2075 1849,
2005 1993 2261 2077 quando
2323 1994 2596 2058 ecclesia
2641 1993 2802 2057 haec
2849 2014 2994 2057 cum
3041 1992 3298 2056 archivo
3345 1992 3409 2054 in

523 2095 853 2161 obsidione
898 2095 1090 2160 Urbis
1135 2094 1460 2160 destructa
1506 2096 1643 2160 fuit.
1734 2095 1865 2161 Sed
1908 2096 2222 2161 habemus
2266 2097 2475 2162 adhuc
2520 2097 2900 2182 apographa
2946 2097 3325 2181 transcripta
3370 2116 3409 2158 a

521 2199 849 2263 monacbis
892 2198 1329 2263 Benedictinis
1383 2221 1465 2263 ex
1511 2202 2010 2284 congregatione
2058 2222 2106 2264 s.
2155 2202 2361 2267 Mauri
2410 2201 2490 2267 de
2538 2201 2753 2266 Gallia
2797 2199 2907 2286 (cf.
2955 2199 3186 2283 Roma,
3233 2198 3404 2263 Eccl.

521 2325 569 2365 s.
614 2302 940 2367 Pancratii
982 2303 1047 2366 in
1076 2302 1204 2367 Via
1249 2303 1562 2389 Aurelia).

752 2472 807 2527 B
839 2495 902 2519 ==
940 2472 1039 2527 Ms.
1077 2472 1223 2528 latin
1263 2474 1430 2528 11887
1467 2473 1673 2542 (residu
1709 2473 2503 2545 Saint·Germain·des-Pres)
2539 2473 2697 2530 Paris
2734 2473 2878 2530 Bibl.
2915 2477 3030 2530 nat.

519 2614 593 2677 *1
2958 2611 3321 2695 (847-55)

520 2721 675 2784 Leo
708 2720 805 2784 IV
850 2720 1146 2785 concedit
1189 2720 1596 2805 privilegium
1646 2720 2080 2804 protectionis.

726 2830 911 2885 Laud.
946 2830 1010 2884 in
1042 2847 1099 2885 n.
1123 2836 1174 2886 3.
1211 2861 1278 2871 —
1315 2830 1443 2900 Ray.
1480 2830 1601 2887 ,ΤΕ
1625 2860 1707 2885 -.

525 2937 604 3001 *2
1244 2971 1249 2976 ·
2920 2930 3326 3016 (896-979)

525 3041 967 3125 Stephanus
998 3038 1205 3125 VI(?)
1249 3042 1324 3105 ut
1363 3061 1565 3121 supra
1607 3060 1672 3104 n.
1709 3043 1766 3103 1.

729 3151 909 3207 Laud.
945 3152 1008 3205 in
1042 3168 1100 3204 η.
1124 3158 1172 3207 3.
1210 3181 1276 3191 -
1317 3151 1448 3222 Βερ.
1482 3151 1591 3207 JL.
1618 3182 1701 3207 -.

903 3246 1005 3302 Cui
1037 3246 1324 3316 Stephano
1352 3247 1596 3315 (v—IX)
1621 3246 1985 3303 attribuenda
2020 3244 2097 3300 sit
2121 3245 2262 3300 haec
2287 3244 2461 3311 bulla,
2497 3243 2558 3299 in
2594 3243 2767 3299 dubio
2793 3247 3060 3299 versatur.
3118 3241 3407 3307 Lubinius‚

729 3332 915 3389 nescio
951 3349 1060 3402 quo
1096 3336 1444 3404 argumento,
1481 3349 1605 3388 eam
1643 3332 1930 3403 Stephano
1956 3332 2034 3386 VI
2070 3329 2289 3387 tribuit.

520 3497 563 3557 3
2487 3488 2811 3552 Laterano
2857 3487 3025 3548 1189
3068 3487 3202 3551 ian.
3235 3488 3320 3548 31

522 3598 874 3664 Clemens
905 3594 1010 3660 111
1063 3594 1283 3660 abbati
1338 3601 1491 3660 etc.:
1551 3617 1722 3662 mon.
1780 3617 1830 3658 s.
1875 3593 2212 3659 Michaelis
2270 3593 2355 3658 ad
2408 3591 2743 3676 exemplar
2799 3593 3037 3657 Leonis
3069 3591 3166 3657 IV
3210 3592 3302 3674 (n.
3337 3593 3406 3674 1)

523 3708 590 3766 et
646 3700 958 3785 Stephani
1016 3699 1110 3781 (n.
1141 3701 1214 3782 2)
1272 3699 1388 3764 sub
1455 3708 1659 3785 apost.
1719 3700 2115 3784 protectione
2181 3699 2446 3781 suscipit
2501 3701 2569 3762 et
2625 3696 2960 3760 confirmat
3016 3694 3305 3781 regulam
3354 3718 3403 3757 s.

518 3804 855 3869 Benedicti
901 3809 967 3866 et
1009 3805 1445 3886 possessiones
1490 3805 1764 3888 propriis
1809 3823 2149 3886 expressas
2193 3800 2521 3866 vocabulis
2566 3805 2634 3865 et
2674 3801 2832 3864 iura.
2880 3839 2963 3846 —-
3006 3799 3404 3884 Religiosam

519 3909 712 3972 vitam
762 3905 1163 3990 eligentibus.
1238 3907 1379 3993 Ego
1426 3908 1724 3973 Clemens
1772 3914 1890 3972 etc.
1967 3905 2220 3971 Subscr.
2254 3909 2328 3970 13
2377 3904 2547 3969 card.
2595 3903 2745 3968 Dat.
2790 3903 2934 3968 Lat.
2984 3925 3043 3987 p.
3077 3924 3161 3966 m.
3215 3903 3404 3967 Moisi

521 4009 583 4075 S.
616 4010 696 4075 R.
726 4009 800 4075 E.
849 4009 1131 4075 subdiac.
1180 4012 1349 4076 vices
1394 4013 1644 4096 agentis
1688 4011 2088 4095 cancellarii,
2135 4008 2174 4074 2
2206 4009 2334 4074 kal.
2382 4008 2533 4092 feb„
2580 4008 2710 4072 ind.
2745 4013 2805 4090 7,
2850 4029 2907 4072 a.
2949 4009 3070 4071 inc.
3118 4007 3178 4071 d.
3218 4009 3401 4090 1188,

519 4120 694 4199 pont.
740 4133 796 4177 v.
846 4113 907 4181 d.
954 4113 1305 4179 Clementis
1350 4137 1457 4200 pp.
1490 4116 1595 4180 111
1639 4136 1696 4180 a.
1731 4117 1790 4179 2.

724 4223 780 4278 Β
810 4224 853 4290 f.
878 4230 948 4278 20
982 4241 1034 4279 n.
1062 4234 1136 4279 11.
1174 4255 1237 4265 -
1276 4224 1388 4278 Ed.
1434 4226 1575 4281 Gott.
1613 4225 1821 4280 Nactar.
1860 4233 1992 4281 1905
2018 4242 2078 4293 p.
2104 4231 2200 4280 369
2233 4241 2288 4280 n.
2314 4231 2397 4278 40.
2434 4255 2501 4265 —
2543 4223 2675 4293 Ray.
2714 4221 2821 4277 JL.
2845 4253 2928 4278 —.
