4055 6069
1484 484 1630 540 Mon.
1669 501 1709 539 s.
1736 482 1888 540 Petri
1927 484 1995 539 de
2032 482 2186 539 Villa
2221 500 2444 554 magna.
3290 492 3397 551 141

731 656 927 712 Imm.
973 656 1132 711 bullis
1165 656 1332 712 Lucii
1367 657 1482 711 111
1521 658 1602 724 (n.
1643 661 1718 725 6),
1777 657 2057 714 Clanentis
2093 659 2193 713 111
2225 660 2304 726 (n.
2341 663 2408 726 7),
2461 657 2763 712 Innocattii
2799 656 2912 712 III
2944 674 2998 712 a.
3035 665 3170 713 1204
3220 659 3337 714 ian.
3366 666 3409 727 7,

524 742 764 798 Honorii
797 743 902 797 111
944 761 997 799 a.
1031 749 1152 798 1221
1193 743 1306 799 dec.
1340 750 1407 799 28
1448 743 1606 815 [cp.
1636 746 1780 815 125]‚
1828 746 2128 800 Innocentii
2164 746 2259 800 IV
2301 764 2352 800 a.
2386 752 2516 800 1247
2553 748 2670 799 nov.
2702 751 2733 798 9
2779 745 3031 813 (quorum
3073 745 3413 813 autoqrapha

522 827 700 884 adhuc
733 835 946 885 exstant
979 830 1043 883 in
1078 830 1292 885 archivo
1326 832 1670 901 Anagnino).
1708 865 1774 872 —
1813 832 1917 887 Ed.
1958 832 2100 888 (ἔδει.
2143 831 2345 887 Nachr.
2383 838 2515 887 1900
2540 847 2602 901 p.
2627 836 2721 887 321
2756 848 2812 885 n.
2839 840 2912 886 11.
2941 861 3003 871 —
3041 830 3170 899 Ray.
3198 830 3306 887 JL.
3327 862 3412 886 —.

902 916 973 971 cf.
1009 915 1249 987 Anagni,
1285 915 1468 989 Episc.
1504 937 1558 973 n.
1585 918 1666 973 13.
2849 988 2862 1000 .
3132 988 3145 1000 υ

523 986 565 1047 4
2592 990 2861 1069 Anaqm
2905 989 3073 1050 1174
3117 1007 3250 1052 mn.
3287 992 3329 1051 7

526 1086 978 1155 Alexander
1021 1090 1127 1156 III
1167 1093 1408 1157 Amato
1454 1091 1676 1157 abbati
1722 1099 1790 1157 et
1833 1092 2166 1158 fratribus:
2237 1093 2477 1159 decidit
2535 1092 3036 1157 controversiam
3091 1092 3258 1157 inter
3301 1113 3414 1156 eos

525 1198 592 1256 et
643 1190 1005 1259 Tebaldum
1048 1195 1461 1282 Anagninum
1516 1199 1722 1263 civem
1771 1197 1852 1262 de
1907 1197 2293 1283 quibusdam
2360 1199 2598 1262 mansis
2660 1198 2727 1260 in
2790 1200 2999 1261 castro
3054 1193 3304 1280 Gorge,
3375 1218 3413 1261 a

523 1293 969 1362 Transmundo
1028 1298 1238 1365 Ildicii
1297 1322 1414 1385 pro
1473 1300 1675 1388 Petro·
1728 1299 1927 1366 fratre
1972 1323 2122 1383 suo,
2170 1322 2391 1393 eorum
2439 1299 2685 1384 oblato,
2732 1301 2826 1365 eis
2872 1299 3141 1381 collatis,
3188 1298 3412 1366 decer-

525 1418 711 1481 nens,
757 1406 828 1463 ut
871 1402 1076 1464 mansi
1123 1402 1208 1467 ad
1251 1403 1712 1468 monachorum
1757 1424 1984 1468 manus
2031 1403 2310 1469 debeant
2353 1403 2594 1487 redire,
2642 1410 2709 1469 et
2752 1401 3065 1485 inhibens,
3113 1425 3193 1468 ne
3240 1403 3412 1469 idem

527 1500 851 1566 Tebaldus
882 1502 986 1567 vel
1030 1505 1303 1571 heredes
1347 1509 1546 1593 ipsius
1592 1510 1685 1573 eis
1731 1509 1965 1574 exinde
2012 1508 2347 1594 quodlibet
2389 1529 2741 1595 gravamen
2778 1509 3075 1574 inferant.
3121 1546 3206 1555 —
3251 1508 3413 1574 Cum

526 1608 781 1692 saepius
811 1614 911 1672 tu.¹
954 1607 1097 1695 Ego
1127 1610 1504 1676 Alexander
1534 1620 1653 1676 etc.
1711 1610 1962 1677 Subscr.
2006 1618 2080 1677 17
2116 1612 2287 1677 card.
2344 1612 2493 1678 Dat.
2526 1613 2862 1716 Anagniae
2894 1634 2955 1697 p.
2989 1634 3074 1676 m.
3120 1610 3415 1678 Gratiani

526 1708 589 1773 S.
649 1709 731 1775 R.
782 1710 858 1776 Ε.
922 1712 1209 1781 subdiac.
1274 1722 1342 1780 et
1402 1721 1562 1799 not„
1633 1720 1669 1780 7
1722 1714 1807 1780 id.
1868 1718 2023 1800 ian„
2080 1715 2209 1781 ind.
2245 1720 2313 1799 7,
2373 1718 2492 1781 inc.
2546 1698 2610 1781 'd.
2659 1738 2716 1781 a.
2770 1719 2964 1798 1173,
3022 1722 3199 1800 pont.
3245 1737 3303 1781 v.
3351 1717 3411 1782 d.

525 1814 883 1881 Alexandri
926 1839 1034 1903 pp.
1081 1817 1189 1883 III
1232 1842 1291 1885 a.
1333 1826 1426 1886 15.

733 1921 804 1973 A.
861 1950 925 1961 -
982 1920 1094 1976 Ed.
1132 1920 1396 1992 Pfiuka.
1435 1926 1570 1977 Acta
1610 1924 1712 1977 ΙΙΙ
1739 1931 1832 1979 231
1875 1942 1930 1978 n.
1958 1931 2050 1979 231
2087 1940 2155 1978 ea·
2191 1927 2239 1978 A
2280 1924 2334 1990 (8
2369 1923 2442 1978 id.
2470 1922 2616 1991 ian.).
2673 1952 2737 1961 —
2794 1920 2956 1989 13099.
2994 1921 3266 1992 Ptzuka.
3306 1923 3419 1977 Iter

525 2021 577 2072 p.
609 2012 709 2059 275
742 2022 798 2061 n.
822 2013 934 2063 630.
989 2007 1106 2064 JL.
1147 2015 1306 2064 12326
1341 2009 1418 2062 ad
1451 2009 1567 2065 ian.
1591 2018 1636 2064 6.

532 2129 570 2189 5
2272 2131 2535 2212 Anaqni
2578 2132 2859 2214 (1160—
2869 2135 2980 2214 76)
3023 2137 3210 2197 mart
3243 2136 3329 2195 30

526 2232 985 2300 Alexander
1035 2235 1141 2299 111
1199 2235 1509 2301 Amatoni
1575 2235 1794 2301 abbati
1853 2244 1920 2302 et
1989 2237 2300 2300 universis
2366 2235 2697 2301 fratribus:
2768 2235 3102 2301 confirmat
3161 2244 3412 2322 partem
3542 2300 3543 2303 ,

526 2334 764 2403 Montis
817 2338 1047 2404 Iuliani
1108 2346 1174 2405 et
1216 2340 1656 2406 Monticellum
1706 2363 1764 2425 q
1817 2340 1876 2405 d.
1935 2339 2315 2412 Rochizola
2381 2359 2547 2424 quae
2592 2339 2916 2405 Adrianus
2961 2339 3091 2404 dux
3137 2341 3240 2406 bo.
3287 2363 3412 2407 me.

528 2443 794 2526 eiusque
838 2452 1166 2510 consortes
1211 2447 1600 2510 monasterio
1629 2445 2052 2511 contulerunt.
2088 2484 2170 2491 —
2201 2445 2392 2509 Iustis
2437 2445 2793 2530 petentium
2839 2444 3195 2509 desideriis.
3261 2444 3410 2510 Dat.

526 2545 781 2630 Anagn.
830 2549 867 2611 3
900 2546 1030 2612 kal.
1078 2549 1262 2633 april.

734 2650 804 2703 A.
844 2678 909 2689 —
946 2649 1054 2707 Ed.
1099 2651 1237 2706 Gau.
1275 2651 1476 2707 Nachr.
1514 2660 1643 2707 1900
1669 2668 1726 2721 p.
1762 2658 1867 2707 328
1900 2669 1954 2706 n.
1983 2660 2044 2707 16
2076 2668 2140 2704 ezr
2175 2653 2245 2706 A.
2283 2680 2345 2690 —
2387 2650 2542 2719 Reyy.
2581 2648 2846 2718 Pfluka.
2891 2648 3005 2703 Iter
3032 2667 3090 2719 p.
3112 2656 3208 2705 275
3240 2667 3294 2706 n.
3318 2658 3416 2707 632

524 2732 602 2789 ad
636 2751 688 2788 α.
719 2741 851 2790 1174.
924 2735 1032 2790 JL.
1071 2743 1245 2792 12547.

901 2820 1219 2877 Hadrianus
1266 2824 1378 2877 dux
1424 2823 1678 2879 civitatis
1716 2824 1967 2879 Ananiae
2003 2824 2248 2879 occurrit
2292 2823 2352 2877 in
2390 2822 2608 2877 duabus
2643 2819 2871 2885 chartis,
2909 2838 3054 2890 quae
3090 2822 3147 2877 in
3183 2823 3413 2879 archivo

729 2908 864 2963 eccl.
890 2908 1233 2965 cathedralis
1271 2912 1515 2975 exstant,
1550 2927 1602 2966 a.
1632 2911 1765 2967 1003
1801 2913 1861 2966 et
1887 2912 2021 2967 1007
2058 2911 2152 2973 (cf.
2178 2909 2434 2964 Ambrosi
2459 2909 2540 2963 De
2566 2907 2855 2979 Magistris
2892 2907 2928 2963 l.
2954 2925 2999 2964 c.
3029 2909 3107 2963 III
3133 2909 3234 2963 337
3259 2914 3412 2979 not.).

732 2994 840 3049 Sed
875 2995 1164 3063 nescimus,
1202 3014 1275 3053 an
1310 2996 1457 3054 idem
1496 2997 1574 3054 sit
1609 3014 1675 3053 ac
1711 2997 2026 3054 Hadrianus
2064 2998 2174 3053 dux
2214 2996 2272 3053 in
2307 2997 2641 3053 documento
2679 2999 3029 3052 memoratus.

527 3135 568 3195 6
2259 3137 2466 3202 Roma
2510 3137 2575 3201 S.
2611 3134 2824 3200 Pietro
2870 3138 3039 3199 1181
3083 3137 3209 3200 dec.
3244 3138 3329 3198 18

523 3236 810 3301 Lucius
854 3238 972 3303 III
1003 3239 1276 3305 Iohanni
1323 3241 1542 3305 abbati
1592 3247 1739 3306 etc.:
1807 3240 1889 3305 ad
1947 3241 2286 3325 exemplar
2346 3241 2672 3305 Anastasii
2733 3241 2826 3322 (n.
2863 3241 2931 3323 1)
2986 3246 3053 3303 et
3097 3239 3412 3303 Hadriani

521 3339 617 3418 (n.
640 3341 714 3414 2)
746 3342 1079 3408 confirmat
1108 3347 1546 3429 possessiones
1573 3352 1643 3409 'et
1673 3346 1812 3409 iura
1843 3350 1909 3409 et
1938 3346 2306 3429 specialiter
2336 3345 2719 3409 sententiam
2749 3342 3064 3407 Hadriani
3094 3345 3413 3425 (71.3).-

526 3441 837 3518 Quotiens
868 3467 908 3510 a
938 3446 1140 3512 nobis.
1209 3447 1349 3533 Ego
1374 3451 1610 3514 Lucius
1642 3455 1762 3514 etc.
1831 3448 2199 3513 Subscr.13
2231 3447 2401 3514 card.
2469 3447 2619 3512 Dat.
2644 3447 2894 3512 Romae
2928 3469 3031 3532 ap.
3065 3470 3112 3511 s.
3144 3447 3410 3512 Petrum

525 3568 587 3630 p.
635 3568 720 3612 m.
794 3548 1048 3615 Alberti
1093 3551 1158 3616 S.
1190 3552 1269 3617 R.
1302 3551 1378 3616 E.
1427 3551 1638 3637 presb.
1686 3552 1857 3618 card.
1906 3561 1972 3618 et
2018 3574 2228 3632 canc..
2292 3558 2367 3617 15
2399 3552 2580 3616 kal.
2562 3574 2723 3634 ian„
2769 3549 2896 3615 ind.
2934 3556 3029 3633 15,
3076 3551 3196 3615 inc.
3245 3549 3305 3616 d.
3353 3573 3411 3617 a.

532 3653 716 3734 1181,
766 3661 938 3736 pont.
986 3676 1040 3719 v.
1087 3653 1147 3720 d.
1193 3657 1377 3721 Lucii
1421 3678 1529 3742 pp.
1578 3656 1684 3721 ΠΙ
1729 3678 1788 3722 a.
1828 3661 1881 3721 1.

732 3756 816 3894 As]
841 3755 977 3826 [KJ.
1015 3788 1077 3798 —
1117 3758 1222 3814 Ed.
1262 3758 1404 3815 Gau.
1443 3760 1644 3817 Nachr.
1683 3766 1815 3814 1900
1841 3776 1896 3828 p.
1927 3765 2026 3814 338
2060 3776 2116 3814 n.
2142 3767 2207 3813 24
2242 3775 2307 3812 ex
2341 3760 2407 3813 A.
2459 3789 2523 3798 —
2570 3759 2741 3829 Reyy.
2778 3756 3052 3826 Pfluka.
3092 3757 3200 3810 Iter
3225 3774 3287 3826 p.
3316 3764 3413 3812 294

525 3855 579 3891 n.
610 3846 717 3893 745.
815 3842 878 3897 L.
917 3851 1096 3900 14539.

530 3964 571 4021 7
2484 3969 2803 4032 Laterano
2849 3968 3019 4029 1188
3062 3967 3212 4029 mai.
3242 3968 3331 4029 22

524 4064 886 4133 Clemens
929 4071 1036 4135 III
1089 4072 1362 4137 Iohanni
1416 4072 1634 4137 abbati
1695 4079 1855 4138 etc.:
1924 4072 2009 4137 ad
2066 4070 2400 4156 exemplar
2454 4070 2777 4135 Anastasii
2822 4074 2916 4150 (n.
2954 4073 3042 4153 1),
3096 4068 3412 4133 Hadriani

525 4175 618 4248 (n.
650 4173 724 4248 2)
771 4180 838 4236 et
880 4173 1062 4239 Lucii
1108 4184 1201 4256 (n.
1237 4178 1307 4258 6)
1352 4176 1687 4241 confimat
1731 4177 2170 4260 possessiones
2216 4181 2283 4239 et
2325 4176 2465 4239 iura
2509 4180 2576 4238 et
2621 4170 2987 4256 specialiter
3030 4173 3412 4237 sententiam

527 4272 843 4340 Hadriani
890 4279 983 4358 (n.
1015 4281 1108 4362 3).
1158 4316 1236 4326 —
1284 4277 1631 4365 Religiosis
1676 4279 2030 4344 desideriis.
2106 4278 2246 4364 Ego
2294 4277 2594 4342 Clemens
2627 4283 2747 4340 etc.
2824 4273 3077 4339 Subscr.
3126 4278 3200 4338 21
3236 4275 3412 4339 card.

527 4374 677 4441 Dat.
722 4378 866 4443 Lat.
912 4402 976 4466 p.
1002 4403 1085 4446 m.
1133 4383 1344 4467 Moysi
1375 4382 1439 4447 S.
1470 4381 1549 4446 R.
1583 4383 1657 4448 E.
1706 4381 1988 4448 subdiac.
2036 4384 2244 4447 vicem
2275 4383 2526 4466 agentis
2556 4379 2940 4460 cancellarii,
2993 4384 3062 4443 11
3102 4378 3229 4443 kal.
3263 4381 3413 4461 iun„

466 4570 471 4575 ⁸
529 4479 658 4544 ind.
691 4485 753 4561 6,
797 4485 918 4550 inc.
953 4485 1016 4550 d.
1049 4506 1108 4550 a.
1149 4489 1334 4568 1188,
1378 4493 1556 4572 pont.
1589 4508 1648 4552 V.
1681 4488 1744 4555 d.
1793 4487 2147 4552 Clementis
2175 4506 2285 4571 pp.
2332 4484 2435 4548 III
2479 4505 2538 4548 a.
2579 4491 2631 4548 1.

526 4669 620 4724 JL
733 4587 800 4640 A.
840 4615 906 4626 —
945 4586 1053 4643 Ed.
1094 4588 1240 4643 Gutt.
1279 4587 1486 4644 Nachr.
1515 4597 1651 4645 1900
1676 4595 1855 4657 p.343
1888 4607 1944 4643 n.
1973 4595 2045 4643 30
2080 4604 2146 4643 ex
2171 4592 2241 4644 A.
2268 4618 2331 4627 -
2361 4588 2525 4658 Rcyq.
2563 4585 2831 4656 Pfluka.
2869 4586 2979 4640 Iler
3007 4603 3059 4654 p.
3085 4591 3184 4640 315
3218 4602 3272 4639 n.
3301 4590 3412 4639 877.

621 4712 632 4724 .
674 4678 846 4728 16242.

529 4794 573 4855 8
2270 4798 2476 4863 Roma
2521 4796 2584 4862 S.
2622 4795 2837 4861 Pietro
2884 4796 3051 4859 1191
3096 4799 3209 4859 oct.
3241 4797 3328 4859 21

528 4895 979 4964 Celestinus
1023 4900 1127 4965 ΙΙΙ
1171 4900 1504 4988 (Iohanni)
1549 4903 1767 4969 abbati
1815 4911 1881 4969 et
1923 4904 2236 4968 universis
2280 4901 2604 4967 fratribus:
2654 4901 2890 4985 repetit
2918 4898 3277 4964 Alexandri
3308 4898 3413 4963 III

529 5002 1007 5068 concessionem
1053 5006 1147 5086 (n.
1181 5007 1271 5090 5).
1303 5047 1386 5055 —
1418 5007 1610 5072 Iustis
1653 5009 2012 5093 petentium
2045 5006 2400 5072 desideriis.
2465 5004 2616 5070 Dat.
2649 5004 2898 5069 Romae
2927 5025 3031 5088 ap.
3062 5026 3111 5068 s.
3144 5002 3410 5068 Petrum

535 5106 608 5166 12
641 5102 772 5168 kal.
818 5125 963 5170 nov,
1011 5115 1188 5191 pont.
1233 5131 1295 5174 n.
1344 5132 1402 5174 a.
1442 5116 1496 5175 1.

526 5291 630 5347 JL
736 5208 804 5262 A.
841 5237 910 5246 —
948 5207 1056 5264 Ed.
1101 5209 1241 5265 eat.
1281 5211 1481 5268 Naar.
1521 5220 1650 5269 1900
1679 5219 1859 5282 12344
1891 5229 1948 5269 n.
1973 5219 2038 5268 31
2072 5229 2139 5267 ex
2172 5213 2238 5268 A.
2266 5243 2333 5252 -
2359 5211 2515 5282 3³99.
2555 5209 2823 5282 Pfluqffl.
2863 5209 2973 5263 ner
2999 5225 3056 5277 p.
3088 5216 3188 5264 324
3222 5214 3412 5264 mm.

632 5332 645 5347 .
681 5300 863 5350 16749.
