4055 6069
1495 468 1644 529 Eccl.
1680 490 1723 527 s.
1761 473 2053 530 Benedicti
2087 473 2146 528 in
2183 472 2310 529 Osa.
3256 481 3337 542 45

459 647 538 708 *1
3275 672 3280 675 ’

446 648 919 823 ,Al5exander
962 748 1066 813 ΠΙ
1110 750 1444 814 confirmat
1473 749 1925 815 refutationem
1958 751 2040 817 de
2073 751 2347 816 ecclesia
2392 774 2440 816 s.
2472 753 2674 817 Primi
2705 652 3339 822 faotgsslzz-aisste

459 854 1022 939 Criptaeferratae.
2887 868 2891 871 ·

838 1000 889 1037 v.
927 982 1119 1048 Roma,
1153 982 1301 1037 Eccl.
1337 1001 1378 1037 s.
1405 982 1671 1039 Praxedis
1704 1002 1759 1039 ιι.
1788 984 1867 1039 13.

461 1105 544 1168 16
2444 1107 2765 1174 Laterano
2815 1113 2981 1176 1188
3022 1110 3136 1175 iul.
3167 1113 3255 1176 23

460 1208 829 1274 Clemens
873 1209 980 1273 111
1036 1208 1255 1275 abbati
1301 1217 1368 1275 et
1413 1213 1782 1277 conventui:
1847 1211 2145 1296 mandat,
2217 1218 2530 1296 quatenus
2582 1235 2701 1279 nec
2744 1220 3086 1298 praetextu
3131 1217 3337 1279 cuius-

460 1313 619 1378 libet
675 1313 881 1380 laicae
937 1335 1251 1398 personae
1309 1336 1427 1379 nec
1505 1316 1632 1380 alia
1692 1337 2094 1401 quacumque
2167 1318 2500 1381 occasione
2547 1318 2884 1404 quisquam
2931 1340 3152 1384 eorum
3199 1319 3339 1384 the-

461 1418 737 1501 saurum,
768 1420 1224 1502 possessiones,
1273 1419 1681 1503 frumentum,
1728 1420 1995 1485 ordeum
2042 1427 2107 1485 et
2136 1420 2265 1484 alia
2303 1419 2472 1485 bona
2501 1424 2871 1487 monasterii
2915 1425 3048 1487 sine
3081 1423 3340 1487 licentia

456 1520 734 1587 Romani
779 1523 1096 1607 pontificis
1141 1529 1208 1587 et
1252 1527 1573 1589 communi
1619 1546 1931 1590 consensu
1976 1525 2238 1610 capituli
2281 1524 2526 1610 locare,
2575 1525 2928 1609 infeudare,
2973 1528 3338 1613 pignorare,

458 1625 739 1691 vendere
795 1626 899 1690 vel
955 1627 1439 1711 quomodolibet
1489 1629 1771 1695 alienare
1825 1636 2215 1714 praesumat.
2271 1668 2356 1677 —
2420 1628 2571 1694 Sine
2617 1632 3080 1695 ammiratione.
3179 1630 3330 1694 Dat.

459 1729 602 1793 Lat.
644 1735 717 1794 10
750 1729 881 1794 kal.
930 1752 1076 1817 aug.
1123 1738 1299 1816 pont.
1347 1753 1407 1796 n.
1456 1754 1514 1798 a.
1553 1739 1606 1798 1.

458 1942 543 1998 Re
628 1858 761 1998 Ji&
797 1857 887 1926 [D
916 1858 961 1924 f.
989 1863 1062 1914 71‘
1097 1865 1162 1914 ut
1197 1860 1343 1915 bulla
1380 1860 1664 1916 Clementis
1699 1861 1791 1933 VJ.
1829 1892 1892 1902 --
1929 1861 2037 1916 Ed.
2079 1861 2220 1917 (ἔδει.
2258 1860 2457 1917 Nachr.
2497 1869 2619 1917 1901
2648 1879 2704 1932 p.
2731 1869 2830 1917 270
2862 1878 2920 1916 n.
2943 1868 3003 1915 12
3037 1877 3104 1914 cx
3139 1862 3231 1916 Αἱ.
3269 1893 3336 1902 -

542 1960 592 2012 9.
724 1987 734 1998 .
776 1975 859 2000 —-.

1322 2221 1643 2289 Ecclesia
1686 2239 1743 2288 s.
1774 2222 2145 2290 Benedicti
2189 2223 2266 2290 in
2311 2222 2470 2291 Osa.

676 2396 1105 2482 Temporibus
1127 2397 1436 2462 Bonifatii
1453 2397 1569 2481 VI,
1602 2419 1658 2462 a.
1686 2399 1822 2462 eius
1861 2402 1915 2474 1,
1946 2396 2075 2461 ind.
2115 2403 2213 2482 15,
2244 2419 2329 2461 m.
2360 2397 2597 2482 madio,
2628 2399 2949 2464 Iohannes
2980 2398 3339 2487 (Paganus)

456 2499 604 2565 nob.
675 2503 773 2565 vir
842 2507 907 2566 et
957 2500 1391 2586 Crescentius,
1459 2502 1748 2585 germani
1809 2502 2066 2585 fratres,
2137 2500 2379 2564 donant
2431 2502 2649 2565 Alloni
2715 2524 2828 2567 seu
2881 2503 3078 2568 Petro
3142 2512 3336 2589 atque

457 2604 727 2670 Iohanni
779 2604 1172 2690 presbyteris
1226 2626 1344 2670 nec
1399 2627 1527 2669 non
1579 2613 1647 2671 et
1706 2603 2061 2670 Benedicto
2122 2626 2236 2669 seu
2278 2604 2618 2669 Dominico
2678 2627 3028 2691 eorumque
3086 2629 3336 2673 succes-

454 2708 702 2774 soribus
746 2711 959 2774 locum
1006 2709 1358 2795 quendam,
1412 2708 1522 2774 ubi
1578 2715 1723 2773 sunt
1772 2710 2054 2793 parietes
2108 2710 2352 2795 antiqui
2409 2715 2476 2774 et
2530 2711 2595 2773 in
2657 2709 2912 2775 deserto
2971 2713 3196 2798 positi,
3253 2713 3337 2776 ad

455 2813 793 2878 ecclesiam
862 2813 1346 2901 restaurandam
1403 2819 1468 2878 et
1521 2811 1956 2892 allevandam‚
2022 2814 2301 2896 positum
2371 2814 2688 2878 territorio
2733 2814 3026 2880 Romano
3084 2816 3150 2879 in
3194 2816 3335 2881 loco

455 2940 515 3002 q.
552 2938 611 2980 v,
654 2917 937 3002 Campus
982 2918 1106 2983 laci
1148 2918 1427 2983 Vurrani
1472 2914 1539 3001 (i.
1584 2938 1640 2981 e.
1672 2916 1963 3002 Burani),
2009 2924 2078 2980 et
2120 2917 2398 2982 offerunt
2440 2922 2642 2983 terras
2687 2917 2769 2983 ad
2816 2919 3240 2984 excolendum
3273 2971 3285 2983 .
3320 2970 3334 2984 .

457 3019 539 3085 ad
617 3023 1079 3107 proprietatem
1154 3021 1443 3088 eiusdem
1518 3022 1830 3088 ecclesiae
1904 3022 1970 3085 in
2035 3020 2278 3087 honore
2346 3045 2394 3085 s,
2448 3021 2786 3087 Benedicti
2852 3023 3335 3089 construendae.

452 3124 665 3190 Notae
712 3126 1202 3211 chronologicae
1248 3126 1434 3190 huius
1491 3124 1858 3190 documenti
1918 3123 2093 3211 (edd.
2141 3125 2362 3190 Allodi
2416 3146 2451 3190 e
2496 3127 2656 3191 Levi
2701 3126 2760 3190 Il
2804 3134 3059 3212 regesto
3106 3127 3335 3193 Subla-

454 3250 644 3295 cense
688 3252 751 3314 p.
791 3234 909 3295 195
956 3253 1016 3295 n.
1058 3236 1173 3294 144
1222 3229 1305 3295 ad
1347 3252 1405 3294 a.
1448 3233 1570 3295 896
1616 3231 1795 3305 mai.;
1840 3228 2051 3314 Regg.
2097 3228 2398 3295 Ferrucci
2444 3230 2936 3316 Investigazioni
2971 3231 2998 3271 ²
3028 3253 3090 3315 p.
3125 3235 3204 3296 59
3252 3232 3335 3297 ad

454 3354 511 3397 a.
545 3336 669 3398 972
703 3341 769 3399 et
799 3333 1096 3398 Federici
1124 3333 1285 3398 Doc.
1319 3331 1657 3398 Sublacen.
1690 3354 1751 3396 n.
1792 3337 1908 3398 106
1941 3332 2024 3397 ad
2057 3354 2115 3396 a.
2149 3330 2304 3418 974)
2348 3340 2684 3418 corruptae
2731 3340 2910 3409 sunt;
2957 3333 3071 3399 sed
3119 3342 3333 3400 tamen

452 3443 703 3502 constat
746 3436 1101 3502 chartulam
1148 3436 1313 3502 hanc
1359 3459 1417 3502 a.
1452 3440 1575 3502 984
1623 3435 2111 3502 adscribendam
2159 3457 2328 3519 esse,
2375 3457 2502 3521 quo
2548 3458 2714 3501 anno
2762 3459 2800 3502 a
2843 3437 3167 3503 Bonifatio
3198 3438 3331 3504 VII

451 3540 825 3606 confirmata
869 3549 968 3607 est
998 3541 1085 3627 (n.
1125 3540 1209 3626 1).
1241 3580 1325 3588 -—
1355 3541 1647 3606 Ecclesia
1691 3562 1739 3603 s.
1772 3539 2111 3604 Benedicti
2154 3541 2220 3604 in
2261 3541 2414 3624 Osa,
2463 3560 2587 3624 quo
2620 3547 2911 3624 tempore
2944 3543 3331 3627 ignoramus,

450 3646 516 3709 in
582 3639 1079 3731 possessionem'
1120 3644 1526 3710 Sublacensis
1591 3645 1963 3709 monasterii
2031 3646 2241 3708 cessit.
2353 3644 2431 3708 In
2497 3650 2650 3708 nota
2702 3648 3232 3710 monasteriorum
3295 3668 3333 3711 a

453 3746 826 3815 Sublacensi
896 3747 1395 3833 dependentium
1464 3749 1554 3812 ita
1616 3746 2008 3832 appellatur:
2083 3750 2187 3832 „in
2255 3746 2388 3812 Osa
2454 3748 2609 3812 eccl.
2667 3768 2714 3811 s.
2755 3748 3094 3818 Benedicti
3150 3772 3211 3834 q.
3269 3749 3329 3813 d.

450 3874 499 3916 s.
554 3852 765 3917 Οιιιιιιι
843 3851 1093 3938 (Allodi
1155 3874 1190 3919 e
1243 3853 1406 3918 Levi
1464 3874 1527 3937 p.
1580 3854 1705 3915 224
1761 3872 1823 3915 n.
1873 3850 2043 3936 183).
2142 3851 2437 3938 Vestigia
2502 3852 2691 3916 huius
2757 3853 3070 3918 ecclesiae
3134 3851 3330 3919 hodie

449 3957 711 4022 minime
756 3959 1177 4042 reperiuntur.

663 4129 710 4186 0
740 4154 806 4177 =
842 4130 1148 4203 Regestum
1172 4129 1523 4196 Sublacense,
1559 4149 1601 4185 s.
1628 4129 1902 4197 ΧῙ-ΧῙΙ,
1938 4129 2178 4187 Subiaco
2202 4129 2467 4186 Archivio
2501 4129 2794 4186 abbaziale
2831 4129 2889 4185 di
2926 4129 2979 4185 S.
3004 4128 3330 4186 Scolastica.

451 4309 490 4367 1
2830 4306 2956 4368 984
3001 4305 3129 4372 dec.
3160 4309 3244 4368 31

449 4407 896 4473 Bonifatius
939 4410 1072 4475 VII
1116 4410 1313 4477 Petro
1359 4410 1571 4495 presb.
1619 4431 1735 4475 seu
1779 4410 1999 4474 Alloni
2046 4416 2111 4474 et
2154 4409 2459 4489 Iohanni,
2512 4408 2866 4474 Benedicto
2922 4408 3132 4493 presb.
3191 4406 3330 4494 [seu

447 4510 809 4599 Dominico]
881 4513 1405 4601 habitatori(bus)
1473 4514 1796 4602 Galligani
1864 4516 2113 4580 castelli
2168 4522 2319 4580 etc:
2388 4514 2683 4579 concedit
2739 4513 2950 4578 locum
3009 4512 3328 4596 quendam

449 4637 631 4681 secus
692 4618 898 4681 rivum
954 4640 1012 4704 q.
1061 4640 1118 4682 v.
1173 4618 1341 4704 Osa,
1410 4621 1473 4682 in
1535 4640 1660 4705 quo
1715 4619 1947 4684 adsunt
2005 4620 2307 4704 antiquae
2370 4620 2727 4703 parietinae
2787 4617 3181 4700 destructae,
3247 4616 3329 4681 ad

451 4720 790 4786 ecclesiam
857 4723 923 4786 in
988 4722 1231 4787 honore
1287 4745 1336 4787 s.
1382 4723 1719 4788 Benedicti
1773 4745 1813 4787 a
1877 4724 2126 4788 noviter
2194 4721 2638 4788 dedicandam.
2706 4761 2790 4769 —-
2863 4721 3026 4786 Cum
3095 4742 3330 4805 magna

450 4824 649 4890 nobis.
748 4825 881 4891 Scr.
940 4848 1002 4911 p.
1058 4848 1142 4890 m.
1193 4877 1206 4891 .
1244 4877 1258 4891 .
1320 4833 1450 4892 not.
1498 4848 1632 4912 reg.
1697 4832 1763 4891 et
1807 4828 1994 4891 scrin.
2043 4825 2106 4891 S.
2146 4826 2226 4891 R.
2267 4826 2382 4910 E.,
2451 4828 2514 4891 in
2559 4848 2643 4892 m.
2692 4825 2865 4909 dec.,
2933 4824 3062 4889 ind.
3110 4847 3191 4888 ss.
3231 4829 3328 4889 13.

447 4929 596 4994 Dat.
643 4933 680 4992 2
708 4929 836 4995 kal.
884 4931 1009 4995 ian.
1055 4952 1120 5014 p.
1167 4951 1250 4994 m.
1299 4930 1603 4995 Iohannis
1649 4951 1750 5016 ep.
1799 4936 1866 4996 et
1909 4930 2062 4995 bibl.
2111 4954 2159 4995 s.
2208 4937 2411 5015 apost.
2458 4930 2647 4995 sedis.

657 5057 703 5112 ο
731 5059 775 5125 f-
801 5062 937 5113 209‘.
974 5087 1039 5097 -
1077 5057 1221 5113 Edd.
1258 5059 1442 5113 Αιιοαι·
1476 5075 1503 5114 0
1538 5058 1669 5112 Lem·
1695 5075 1752 5127 p.
1780 5066 1880 5113 244
1914 5075 1971 5114 n.
1997 5065 2098 5112 202
2132 5074 2199 5112 ex
2227 5057 2284 5114 0.
2321 5087 2386 5097 -
2424 5058 2583 5128 Reyy.
2619 5057 2882 5112 Fames
2918 5041 3330 5126 Inveniam-iam·

447 5145 819 5201 aton-criticae
850 5162 918 5200 su
957 5146 1246 5212 Bonifacio
1280 5146 1394 5202 VII
1416 5149 1438 5180 ²
1457 5163 1517 5216 p.
1547 5153 1616 5203 60
1648 5161 1714 5200 ex
1754 5144 1809 5200 0.
1871 5144 2126 5200 Federici
2161 5144 2296 5200 Doc.
2321 5144 2594 5199 Sicblacen.
2632 5161 2688 5199 n.
2715 5151 2821 5199 126.
2858 5143 2967 5200 JL.
2995 5151 3143 5200 3824.
