4055 6069
745 462 865 524 106
2060 464 2303 523 Latium.

738 636 820 696 ’³⁶2
3133 649 3507 729 (1187—-91

740 741 1105 806 Clemens
1162 742 1264 805 III
1334 743 1750 808 Benencasae
1819 751 1887 808 et
1937 745 2135 811 Petro
2204 747 2508 812 Iohannis
2576 748 2999 834 scholaribus,
3067 752 3409 836 nepotibus
3474 652 3622 835 silis,

740 844 987 931 obligat
1032 846 1216 911 titulo
1265 849 1549 931 pignoris
1596 852 1663 912 et
1706 850 1770 912 in
1817 848 2080 914 feudum
2128 850 2242 916 dat
2284 851 2507 935 feuda,
2556 874 2722 937 quae
2769 853 3092 937 quondam
3138 854 3623 942 Lambertus(?)

741 957 808 1015 et
851 949 1203 1035 Gregorius
1254 951 1506 1037 Pagani
1560 952 1799 1016 milites
1854 952 2004 1017 olim
2068 955 2133 1017 in
2189 960 2397 1019 castro
2454 963 2520 1021 et
2574 957 2894 1020 territorio
2948 959 3212 1022 Lariani
3256 961 3621 1044 provinciae

741 1052 1136 1138 Campaniae
1183 1060 1540 1139 tenuerant,
1588 1076 1754 1141 quae
1802 1055 1883 1121 de
1928 1057 2066 1122 iure
2113 1062 2179 1122 et
2225 1059 2682 1124 consuetudine
2731 1067 2880 1125 tunc
2926 1070 3110 1127 erant
3153 1063 3238 1128 ad
3284 1066 3623 1131 ecclesiam

739 1159 1101 1225 Romanam
1146 1159 1469 1243 devoluta,
1516 1182 1632 1244 pro
1681 1164 1762 1226 60
1794 1161 1971 1226 libris
2015 1161 2329 1228 bonorum
2374 1163 2704 1229 Provesin.
2753 1170 3030 1231 senatus.

914 1271 1130 1425 fLaud.
1165 1272 1540 1415 inRBomJZtii
1563 1272 1661 1326 IX
1691 1271 1841 1326 bulla
1873 1290 1925 1329 a.
1954 1280 2082 1330 1403
2101 1278 2255 1330 mart.
2281 1282 2349 1330 27
2368 1275 2524 1345 (Rey.
2547 1275 2675 1330 Lat.
2700 1282 2738 1332 t.
2764 1284 2886 1333 108.-
2921 1277 3005 1331 De
3027 1276 3246 1332 diversis
3267 1277 3457 1343 formis
3480 1278 3563 1333 lib.
3590 1279 3631 1332 I

741 1375 793 1412 α.
818 1368 880 1414 14
947 1364 1088 1429 .32).
1127 1389 1193 1399 -
1286 1376 1358 1431 ey.
1489 1401 1503 1415 .
1542 1389 1624 1413 -.

1696 1646 1986 1723 TRES
2048 1649 2673 1724 TABERNAE.

947 1795 1225 1867 Ughelli
1284 1799 1307 1830 ²
1341 1795 1426 1848 X·
1465 1796 1578 1849 177.
1633 1827 1698 1835 —
1752 1794 1817 1850 D.
1851 1794 2100 1867 Giorgi
2137 1796 2277 1851 Diss.
2316 1796 2446 1852 hist.
2492 1797 2561 1852 de
2598 1798 2867 1854 cathedra
2911 1800 3083 1870 episc.
3127 1797 3314 1856 Setiae
3370 1798 3622 1855 civitatis

741 1902 795 1953 p.
823 1884 988 1953 lOsq.
1024 1912 1083 1922 —
1129 1881 1364 1950 Nibby
1404 1881 1619 1937 Analisi
1660 1882 2015 1952 ‘111279234
2059 1914 2121 1923 -—
2160 1882 2594 1954 Cappelletti
2632 1883 2654 1937 1
2690 1884 2810 1940 488.
2861 1913 2924 1923 —
2961 1884 3323 1940 Duchesne
3359 1884 3419 1940 in
3456 1886 3621 1941 Arch.

741 1970 892 2026 della
925 1968 1045 2025 Soc.
1085 1970 1239 2024 Rom.
1279 1967 1384 2057 XV
1413 1968 1591 2037 (1892)
1626 1969 1745 2025 500.

956 2110 1115 2175 Tres
1161 2108 1518 2192 Tabernae,
1564 2108 1674 2173 ubi
1722 2109 1956 2175 Christi
2002 2110 2228 2175 fideles
2274 2111 2427 2176 olim
2473 2110 2679 2175 Paulo
2727 2117 2930 2195 apost.
2982 2117 3410 2196 occurrerunt,
3457 2115 3620 2176 anti-

740 2216 1047 2301 quissima
1092 2216 1157 2278 in
1186 2215 1375 2280 Latio
1423 2213 1611 2278 sedes
1643 2215 2029 2298 episcopalis
2060 2215 2199 2297 fuit,
2247 2216 2423 2279 cuius
2456 2217 2903 2299 episcoporum
2935 2216 3169 2279 seriem
3197 2213 3459 2298 Ughelli
3491 2214 3532 2276 l.
3567 2236 3618 2278 c.

739 2317 1028 2403 praebet.
1096 2317 1337 2382 Hostili
1381 2319 1714 2402 impietate
1748 2317 2128 2399 desolatam,
2173 2326 2246 2384 ut
2275 2320 2366 2383 ait
2396 2318 2749 2405 Gregorius
2779 2319 2832 2402 I,
2865 2318 3085 2384 Trium
3118 2318 3620 2383 Tabernensium

743 2422 1082 2486 ecclesiam
1127 2421 1402 2485 Iohanni
1448 2423 1783 2505 episcopo,
1840 2427 1912 2485 ut
1967 2421 2222 2486 videtur
2265 2423 2735 2507 Veliternensi,
2796 2423 3117 2487 commisit
3175 2423 3441 2507 eiusque
3485 2421 3625 2486 sedi

742 2526 945 2590 univit
973 2523 1061 2608 (n.
1101 2525 1183 2611 1).
1250 2525 1494 2589 Verum
1525 2524 1834 2590 adnotare
1866 2524 2046 2609 libet,
2079 2529 2520 2611 episcopatum
2553 2526 2774 2591 Trium
2808 2524 3246 2590 Tabernarum
3279 2525 3626 2590 saec.VIII

740 2631 973 2693 iterum
1027 2630 1324 2713 inveniri,
1380 2650 1575 2713 quum
1630 2630 1797 2694 inter
1850 2632 2190 2715 episcopos
2245 2630 2434 2696 Pauli
2479 2632 2513 2694 I
2581 2630 2830 2695 concilii
2886 2630 3161 2695 Romani
3217 2651 3275 2694 a.
3310 2635 3346 2694 7
3352 2634 3427 2695 61
3480 2638 3623 2694 acta

741 2730 1215 2796 subscribentes
1267 2737 1678 2797 recenseatur
1727 2734 1977 2798 Parvus
2039 2756 2138 2818 ep.
2200 2735 2510 2799 ecclesiae
2566 2734 2797 2799 Tribus
2851 2733 3163 2799 Tabernis
3226 2732 3335 2818 (cf.
3391 2733 3621 2815 Roma,

741 2838 913 2902 Mon.
962 2858 1044 2899 ss.
1078 2835 1409 2921 Stephani,
1455 2835 1750 2920 Dionysii
1796 2844 1862 2900 et
1908 2835 2198 2901 Silvestri
2246 2858 2303 2901 n.
2340 2837 2428 2924 2).
2520 2837 2685 2901 Item
2732 2838 3070 2920 Leontius,
3133 2837 3512 2901 Anastasius
3557 2844 3624 2900 et

742 2939 1062 3006 Iohannes
1107 2940 1394 3025 episcopi
1441 2960 1607 3004 saec.
1639 2939 1759 3004 IX.
1847 2939 2101 3005 Exinde
2160 2941 2328 3005 hunc
2383 2942 2825 3026 episcopatum
2879 2962 3007 3006 una
3060 2961 3204 3004 cum
3260 2941 3400 3023 ipsa
3443 2938 3625 3022 urbe,

742 3044 1079 3110 Saracenis
1141 3065 1258 3128 per
1300 3042 1462 3109 haec
1520 3051 1813 3130 tempora
1858 3047 2120 3111 Latium
2166 3045 2595 3130 vastantibus,
2651 3047 2967 3111 interiisse
3024 3045 3361 3110 credimus.
3464 3045 3621 3108 Loci

742 3148 952 3214 adhuc
997 3149 1271 3233 vestigia
1316 3154 1599 3231 exstant,
1646 3155 1718 3212 ut
1761 3155 2015 3234 putant,
2070 3152 2136 3213 in
2202 3131 2615 3235 proximitate
2670 3150 2892 3236 oppidi
2952 3173 3012 3237 q.
3054 3171 3112 3214 v.
3162 3149 3455 3214 Cisterna
3514 3149 3620 3231 (cf.

742 3252 995 3316 Moroni
1038 3252 1407 3317 Dizionario
1452 3251 1809 3316 LXXXIX
1856 3252 1987 3339 78),
2036 3252 2152 3318 sed
2194 3255 2642 3339 quaestionem
2685 3253 2852 3318 hanc
2910 3255 3082 3319 circa
3128 3252 3622 3338 topographiam

643 3427 646 3433 ,
742 3357 867 3421 loci
913 3357 1069 3421 satis
1114 3355 1373 3421 dubiam
1419 3358 1862 3440 praeterimus.

742 3500 783 3559 1
3192 3495 3319 3559 592
3359 3515 3403 3558 a
3490 3546 3501 3558 .

743 3601 1173 3687 Gregorius
1218 3600 1250 3663 I
1310 3598 1581 3664 Iohanni
1628 3620 1762 3683 ep.:
1822 3600 2158 3684 praevidet
2215 3600 2435 3665 Trium
2482 3599 2985 3665 Tavernensium
3046 3497 3359 3665 ecclesiae
3402 3497 3622 3664 :infligam

742 3705 1400 3790 gubernationemque
1447 3703 1992 3768 committendam.

1121 3834 1171 3869 v.
1197 3813 1451 3883 Velletri,
1486 3813 1671 3885 Episc.
1709 3831 1762 3869 n.
1787 3814 1836 3868 3.

1594 4054 1915 4122 Ecclesia
1959 4072 2015 4123 s·
2053 4054 2375 4123 Andreae
2420 4053 2496 4120 ln
2539 4053 2780 4124 Silice.

959 4199 1142 4263 Haec
1188 4198 1482 4281 ecclesia,
1528 4198 1594 4260 in
1638 4197 1959 4262 territorio
1991 4196 2423 4262 Veliternensi
2469 4196 2699 4280 posita,
2746 4195 2925 4260 iuxta
2970 4195 3180 4259 locum
3214 4216 3273 4279 q.
3310 4193 3370 4257 d.
3407 4193 3625 4257 Castel

743 4304 1028 4383 vecchio,
1074 4302 1184 4367 ubi
1229 4302 1381 4366 olim
1414 4303 1637 4366 civitas
1683 4300 1843 4366 Tres
1874 4300 2210 4366 Tabernae
2243 4301 2565 4365 exstitisse
2611 4300 2814 4364 fertur
2852 4298 2960 4385 (cf.
2994 4298 3074 4362 A.
3108 4298 3349 4383 Borgia
3378 4319 3440 4381 p.
3467 4300 3580 4360 221
3608 4321 3622 4372 ;

745 4410 824 4473 A.
857 4406 1075 4492 Nibby
1118 4406 1368 4471 Analisi
1419 4406 1446 4445 ²
1473 4405 1507 4467 1
1554 4410 1678 4470 414
1703 4427 1828 4490 sq.;
1884 4405 2272 4470 Tomassetti
2328 4406 2393 4468 in
2445 4403 2640 4468 Arch.
2690 4403 2863 4468 della
2908 4401 3051 4467 Soc.
3097 4402 3286 4467 Rom.
3335 4401 3404 4465 II
3454 4400 3623 4485 155),

743 4512 1240 4577 vetustissimam
1304 4510 1618 4595 originem
1672 4512 1925 4595 repetit.
2024 4509 2133 4574 Ad
2189 4510 2356 4574 hunc
2408 4510 2623 4573 locum
2686 4507 3037 4593 Gregorius
3081 4507 3148 4589 Ι,
3217 4512 3290 4570 ut
3342 4510 3626 4587 autumo,

744 4615 968 4681 sedem
1022 4613 1457 4700 episcopalem
1503 4612 2020 4678 veliternensem
2075 4613 2405 4677 transferri
2464 4612 2647 4675 iussit
2691 4609 2775 4695 (v.
2813 4610 3111 4693 Velletri,
3168 4609 3379 4694 Episc.
3441 4631 3501 4673 n.
3535 4608 3623 4694 2).

743 4720 1036 4786 Eandem
1082 4724 1238 4804 puto
1285 4718 1479 4783 fuisse
1525 4725 1720 4803 atque
1766 4717 2127 4800 ecclesiam,
2176 4716 2256 4781 de
2304 4738 2431 4801 qua
2475 4714 2617 4779 Lib.
2663 4713 2888 4800 pontif.
2938 4716 3003 4778 in
3048 4714 3201 4777 Vita
3245 4712 3561 4778 Hadriani
3592 4713 3627 4776 I

750 4874 805 4909 „.
843 4874 856 4888 .
889 4823 1220 4889 basilicam
1254 4822 1313 4887 b.
1350 4820 1660 4887 Andreae
1682 4827 1910 4906 apost.,
1957 4822 2145 4884 sitam
2191 4821 2256 4883 in
2286 4822 2390 4884 via
2418 4820 2637 4904 Appia
2671 4820 2738 4882 in
2769 4817 2982 4895 Silice,
3027 4818 3195 4882 ultra
3226 4839 3275 4882 s.
3309 4815 3625 4882 Thomam

746 4934 952 5012 apost.
1005 4949 1133 4991 non
1188 4927 1409 5012 procul
1469 4947 1509 4991 a
1548 4925 1936 5010 TricesimO,
1991 4946 2120 4990 una
2179 4945 2323 4989 cum
2377 4924 2753 5009 baptisterio
2799 4922 3202 4987 restaurans“
3253 4920 3625 5006 (Duchesne

746 5032 780 5095 I
849 5030 1004 5116 508)
1072 5037 1139 5094 et
1203 5032 1266 5094 in
1319 5030 1471 5094 Vita
1534 5030 1771 5093 Leonis
1815 5029 1922 5092 111
1996 5077 2052 5112 „.
2094 5078 2107 5091 .
2167 5028 2478 5093 ecclesiae
2545 5026 2606 5091 b.
2658 5026 2958 5091 Andreae
3026 5033 3264 5109 apost.,
3332 5027 3494 5089 sitae
3562 5028 3631 5089 in

746 5134 1131 5216 Tricesimo,
1177 5134 1281 5197 via
1327 5132 1579 5217 Appia,
1639 5133 1704 5195 in
1749 5131 1940 5195 Silice
1988 5179 2003 5194 .
2041 5180 2054 5193 .
2102 5131 2452 5195 renovavit.
2530 5129 2607 5193 In
2662 5150 2789 5213 qua
2849 5129 3123 5193 ecclesia
3182 5128 3625 5214 presbyterum

747 5241 1104 5326 constituit,
1173 5238 1281 5303 ubi
1350 5246 1415 5304 et
1481 5237 1650 5302 dona
1711 5236 1995 5320 offeruit,
2066 5243 2199 5300 tam
2255 5236 2320 5299 in
2378 5240 2645 5320 argento
2714 5253 3032 5318 quamque
3101 5235 3167 5297 in
3220 5232 3502 5297 vestibus
3561 5239 3628 5295 et
