4055 6069
1570 431 1944 504 Episcopatus
1980 431 2317 489 Portuensis.
3311 439 3389 501 19

499 605 580 669 *4
1654 592 1861 673 Ro'ma
1905 606 1974 673 3.
2005 606 2238 672 Maria
2282 606 2448 673 della
2489 607 2784 674 Rotonda
2827 610 2957 673 876
2999 607 3187 689 apra.
3222 610 3304 673 19

499 710 881 778 Iohannes
912 712 1077 778 VIII
1121 715 1188 778 in
1233 712 1478 797 synodo
1508 712 1805 777 Romana
1847 712 2230 777 Formosum
2278 734 2401 797 ep.,
2449 715 2599 797 quia
2646 714 2972 796 propriam
3016 713 3389 798 parochiam

501 815 803 901 deseruit,
846 816 1026 881 Urbe
1073 815 1365 881 discessit
1410 821 1476 880 et
1520 822 1742 880 contra
1787 816 2062 880 salutem
2095 815 2489 900 reipublicae
2521 819 2928 901 conspiravit,
2977 820 3149 882 omni
3183 819 3390 884 eccle-

501 921 757 984 siastica
802 921 1248 985 communione
1294 921 1613 1004 privatum
1659 939 1800 983 esse
1848 918 2153 983 decernit.

708 1031 889 1086 Laud.
939 1032 1002 1086 in
1047 1030 1311 1086 Iohannis
1346 1030 1506 1085 VIII
1534 1030 1764 1101 epistola
1813 1048 1869 1085 α.
1902 1037 2000 1086 876
2045 1030 2208 1099 apra.
2249 1037 2311 1084 21
2367 1029 2441 1083 ad
2471 1029 2754 1085 universos
2791 1029 2975 1086 Gallos
3010 1036 3061 1085 et
3099 1031 3393 1087 Germanos

499 1118 560 1173 J.
587 1124 731 1173 2270.
766 1118 876 1172 JE.
901 1124 1048 1173 3041.
1085 1149 1152 1159 -
1190 1118 1347 1188 Reqq.
1388 1116 1776 1186 Worminykoff
1800 1118 1864 1170 in
1899 1116 1971 1171 N.
1994 1117 2194 1171 Archiv
2236 1117 2459 1173 XXVI
2484 1124 2599 1171 647.
2672 1119 2733 1175 J.
2755 1135 2808 1187 p.
2838 1125 2953 1173 264.
2987 1118 3098 1173 JE.
3135 1119 3178 1172 I
3187 1136 3246 1188 p.
3271 1125 3390 1174 388.

877 1207 1023 1260 Acta
1056 1204 1353 1274 synodalia
1389 1205 1456 1260 de
1494 1205 1750 1260 Formoso
1789 1223 1896 1275 ep„
1933 1222 2079 1273 quae
2115 1222 2182 1259 ex
2234 1205 2352 1259 cod.
2392 1204 2803 1275 Merseburgen.
2843 1205 2943 1260 104
2989 1203 3048 1259 E.
3074 1204 3134 1260 L.
3161 1205 3393 1261 Richter

706 1292 1034 1363 Mal-burget
1077 1293 1694 1363 Rectoratsprogramm
1739 1309 1789 1347 a.
1844 1291 1979 1347 1843
2023 1309 2077 1361 p.
2121 1292 2156 1345 4
2209 1295 2268 1347 et
2303 1292 2485 1347 denuo
2538 1291 2599 1346 E.
2634 1292 2918 1346 Dflmmler
2972 1292 3226 1347 Auxilius
3279 1293 3390 1348 und

705 1376 1012 1448 Vulgarius
1065 1378 1318 1449 (Leipzig
1353 1378 1510 1448 1866)
1561 1396 1616 1448 p.
1646 1380 1742 1434 157
1790 1378 2108 1444 ediderunt,
2165 1379 2271 1434 fide
2331 1396 2517 1434 carere
2564 1379 2787 1444 Hefele,
2838 1377 3122 1433 Dssmmler
3179 1378 3390 1447 aliique

707 1465 1069 1521 contendunt.
1116 1496 1181 1506 --
1225 1466 1306 1520 De
1341 1484 1400 1521 re
1438 1466 1506 1521 cf.
1543 1465 1829 1522 Dummler
1863 1465 1900 1522 l.
1940 1484 1985 1521 c.
2023 1485 2080 1538 p.
2113 1468 2163 1523 4.
2199 1466 2268 1520 56
2315 1469 2374 1522 et
2423 1466 2760 1522 Geschichte
2805 1465 2903 1521 des
2946 1466 3391 1522 ostfrankisehen

708 1551 942 1608 Reiches
979 1553 1105 1608 ¹111
1141 1555 1207 1608 27
1244 1557 1361 1609 not.
1387 1555 1435 1608 1.

500 1655 540 1718 5
1188 1722 1199 1737 ,
2268 1658 2478 1724 Roma
2523 1660 2586 1725 S.
2621 1659 2839 1724 Pietro
2883 1662 3012 1723 876
3054 1659 3189 1724 iun.
3220 1661 3306 1721 30

497 1761 879 1827 Iohannes
909 1762 1077 1829 VIII
1122 1765 1187 1827 in
1232 1762 1477 1848 synodo
1521 1764 1818 1828 Romana
1846 1763 2251 1846 Formosum,
2300 1766 2428 1828 iam
2475 1763 2716 1828 dudum
2762 1763 3126 1847 depositum
3173 1764 3266 1844 (n.
3298 1765 3391 1845 4),

499 1889 664 1932 nunc
709 1888 884 1952 vero,
931 1869 1082 1953 quia
1126 1870 1536 1953 monasteria,
1584 1868 1813 1953 quibus
1858 1869 2158 1953 praefuit,
2205 1869 2519 1954 sacrilege
2567 1866 2998 1951 depraedasse
3044 1873 3110 1930 et
3155 1887 3391 1950 exspo-

500 1971 689 2036 liasse
752 1977 1099 2057 contraque
1160 1972 1569 2037 interdictum
1637 1973 2062 2057 apostolicum
2131 1974 2326 2038 sacris
2382 1973 2685 2036 misteriis
2752 1972 3257 2035 communicasse
3327 1975 3393 2033 et

500 2078 838 2140 missarum
883 2076 1221 2140 sollemnia
1263 2099 1393 2142 non
1436 2077 1643 2141 solum
1682 2079 2105 2161 pervicaciter
2136 2076 2516 2161 celebrasse,
2562 2097 2784 2140 verum
2816 2077 3011 2139 etiam
3043 2075 3392 2137 sententias

499 2179 670 2243 sedis
702 2185 906 2263 apost.
934 2182 998 2244 in
1027 2201 1095 2243 se
1130 2186 1196 2243 et
1226 2181 1573 2265 complices
1604 2203 1752 2245 suos
1782 2182 2067 2265 prolatas
2097 2180 2387 2245 scindere
2420 2181 2662 2245 faciens
2685 2180 2997 2264 suspectis
3020 2176 3392 2242 mulieribus

498 2284 779 2369 virisque
811 2285 1141 2370 sacrilegis
1171 2284 1541 2349 adhaesisse
1573 2292 1638 2349 et
1670 2306 1814 2349 cum
1847 2287 1940 2349 eis
1971 2284 2055 2349 ad
2087 2286 2537 2349 exterminium
2569 2307 2619 2349 s.
2644 2284 2815 2348 sedis
2854 2288 3062 2367 apost.
3089 2281 3393 2365 despera-

499 2386 714 2451 biliter
759 2390 1124 2452 coniurasse
1171 2390 1506 2472 reperitur,
1554 2390 1785 2452 iterato
1833 2388 1913 2452 ab
1962 2390 2136 2452 omni
2183 2387 2405 2452 ordine
2453 2387 2839 2452 sacerdotali
2886 2385 3170 2469 deponit.

709 2503 848 2553 Acta
890 2497 1175 2569 synodalia
1217 2498 1282 2553 de
1335 2500 1590 2554 For-moso
1639 2516 1720 2569 ep.
1771 2498 1888 2553 edd.
1928 2499 2152 2553 Richter
2203 2499 2235 2552 l.
2272 2515 2314 2558 c.
2345 2507 2458 2567 μῦ
2495 2504 2544 2554 et
2587 2499 2864 2553 Dtimmler
2898 2498 2931 2552 1.
2969 2514 3013 2552 c.
3052 2514 3112 2567 p.
3157 2504 3268 2551 157.
3327 2528 3392 2536 -

504 2584 663 2655 chy.
698 2585 1090 2657 szinqhoff
1116 2587 1179 2639 in
1213 2585 1288 2641 N.
1315 2586 1515 2641 Archiv
1554 2586 1681 2640 XX
1692 2586 1775 2640 VI
1800 2594 1917 2641 650.
1953 2586 2007 2641 J.
2030 2602 2089 2654 p.
2114 2593 2228 2640 264.
2283 2586 2392 2641 JE.
2431 2584 2474 2640 I
2492 2603 2554 2656 p.
2577 2591 2692 2641 388.

503 2746 545 2805 6
2389 2743 2622 2827 Troyes
2664 2744 2796 2807 678
2836 2742 3305 2824 (au9.——scpt.)

502 2845 888 2912 Iohannes
918 2847 1083 2913 vm
1127 2850 1194 2911 in
1238 2846 1483 2932 synodo
1516 2845 1821 2912 Trecensi
1853 2850 2203 2912 sententias
2248 2853 2471 2912 contra
2504 2847 2886 2912 Formosum
2918 2844 3240 2930 quondam
3289 2866 3390 2928 ep.

501 2950 808 3017 Portuen.
842 2954 1107 3039 eiusque
1154 2952 1502 3037 complices
1545 2951 1832 3037 prolatas
1878 2952 2229 3017 confirmat.

709 3065 852 3119 Acta
896 3064 1114 3118 concilii
1149 3063 1266 3120 edd.
1306 3064 1499 3119 Mami
1537 3063 1726 3118 XVII
1754 3071 1872 3119 349.
1927 3065 2121 3135 Miqne
2148 3063 2413 3119 CXXVI
2441 3070 2535 3120 963
2557 3081 2613 3119 n.
2642 3070 2747 3119 380
2782 3063 2877 3130 (cf.
2918 3061 3306 3131 Werminyhoff
3333 3061 3394 3113 in

503 3149 577 3205 N.
605 3149 801 3205 Archiv
840 3149 1064 3204 XXVI
1086 3157 1205 3218 653,-
1240 3150 1521 3205 Dvimmler
1564 3147 1861 3205 G'eschichte
1894 3149 1986 3205 das
2020 3149 2287 3217 ostfrcink.
2326 3150 2548 3205 Reiches
2586 3153 2608 3184 ²
2634 3150 2740 3203 111
2768 3154 2835 3204 83
2860 3149 2976 3217 sq).
3020 3179 3092 3188 —
3139 3147 3301 3217 Reyy.
3337 3146 3392 3203 J.

497 3253 556 3305 p.
581 3244 687 3292 275.
727 3236 843 3293 JE.
880 3237 916 3290 I
937 3252 993 3304 p.
1022 3243 1141 3292 402.
1176 3243 1291 3291 403.

881 3330 1086 3385 Eodem
1124 3347 1288 3395 anno,
1327 3330 1418 3385 die
1458 3332 1524 3386 14
1545 3329 1893 3401 septembris,
1920 3329 2244 3387 Formosum
2268 3330 2382 3387 iam
2408 3330 2723 3401 depositum
2758 3334 2818 3386 et
2850 3328 3388 3385 anathematizatum

709 3416 997 3483 iuravisse‚
1035 3434 1092 3473 se
1127 3434 1308 3485 neque
1348 3417 1617 3473 orationis
1654 3435 1823 3473 causa
1861 3418 2169 3487 aliquando
2193 3418 2428 3473 Romam
2457 3421 2750 3474 venturum
2787 3435 2967 3486 neque
3003 3416 3194 3485 aliquo
3229 3416 3391 3469 modo

708 3521 926 3560 sacrum
944 3503 1191 3559 ordinem
1214 3504 1585 3573 repetiturum
1611 3521 1788 3573 neque
1813 3503 1870 3559 in
1891 3504 2100 3560 iudicio
2120 3508 2418 3576 potentum
2442 3503 2880 3574 recuperationis
2906 3504 3088 3558 locum
3107 3506 3387 3556 oraturum

711 3607 847 3657 esse,
884 3591 980 3646 sed
1005 3591 1390 3646 tantummodo
1426 3590 1627 3646 laicam
1657 3592 2100 3648 communionem
2124 3595 2412 3663 receptam
2446 3591 2718 3647 finetenus
2753 3589 3031 3645 custodire
3058 3587 3391 3658 promisisse,

707 3678 856 3732 Acta
890 3677 1185 3748 synodalia
1220 3677 1289 3732 de
1326 3677 1587 3734 Formoso
1623 3695 1711 3749 ep.
1749 3679 1840 3746 (de
1877 3680 2083 3748 quibus
2117 3696 2288 3749 supra
2322 3697 2374 3734 n.
2397 3679 2449 3734 4.
2485 3679 2540 3746 5)
2578 3684 2822 3733 narrant.

503 3818 585 3882 *7
2971 3815 3270 3878 883—84

502 3922 847 3987 Marinus
878 3922 912 3987 Ι
940 3921 1322 3987 Formosum
1354 3922 1436 3988 de
1469 3924 1847 4008 iuramento,
1883 3922 2055 4008 quod
2087 3924 2321 3988 invitus
2353 3922 2623 3987 dederat
2656 3918 2745 4006 (in
2775 3815 3019 4004 synodo
3052 3815 3386 3994 Trecerisi3

502 4025 590 4112 cf.
635 4047 836 4111 supra
877 4048 942 4091 n.
976 4025 1046 4114 6)
1091 4028 1282 4092 solvit
1327 4034 1394 4092 et
1437 4029 1502 4091 in
1546 4028 1884 4111 pristinum
1930 4027 2202 4112 gradum
2249 4027 2546 4092 restituit.

709 4136 891 4192 Laud.
929 4138 998 4191 ab
1032 4138 1258 4193 Auxilio
1291 4139 1353 4191 in
1388 4138 1553 4192 libello
1588 4137 1846 4208 Infensor
1880 4143 1931 4192 et
1965 4137 2216 4208 defentam·
2248 4153 2290 4193 c.
2317 4144 2385 4192 32
2418 4136 2561 4204 (edd.
2598 4135 2862 4191 Mabilltm
2897 4134 3008 4189 Vct.
3033 4133 3196 4188 Anat.
3225 4141 3389 4201 1251,-

502 4222 690 4293 Miqne
728 4222 1001 4279 CXXIX
1035 4226 1197 4296 1101).
1234 4254 1300 4264 -
1340 4224 1500 4294 Reyq.
1538 4225 1596 4280 J.
1629 4242 1687 4294 p.
1713 4231 1833 4280 293.
1888 4224 1998 4280 JE.
2037 4226 2077 4279 Ι
2100 4242 2153 4293 p.
2178 4230 2290 4279 426.

882 4320 950 4374 cf.
997 4320 1282 4375 Dummler
1339 4319 1597 4375 Auxilius
1649 4320 1765 4375 und
1812 4319 2116 4391 Vulgarius
2169 4338 2225 4390 p.
2268 4320 2316 4374 6.
2407 4320 2469 4373 In
2521 4316 2845 4374 memoriam
2896 4333 3158 4371 revocare
3212 4313 3388 4379 iuvat,

707 4424 756 4462 a.
801 4407 906 4463 964
957 4407 1068 4463 seb.
1124 4406 1183 4461 in
1241 4405 1464 4463 actione
1519 4407 1760 4463 secunda
1813 4406 2043 4462 concilii
2098 4405 2334 4461 Romani
2388 4406 2479 4473 (cf.
2533 4404 2905 4475 Episcopatus
2959 4401 3168 4457 Ostien.
3221 4421 3274 4456 n.
3323 4402 3386 4464 3;

706 4491 758 4547 J.
801 4512 857 4564 p.
888 4493 1006 4549 323.
1051 4493 1147 4549 JL.
1194 4494 1221 4548 1
1257 4512 1312 4565 p.
1348 4495 1472 4562 467)
1520 4512 1553 4550 a
1606 4494 1898 4549 Iohanne
1947 4494 2053 4548 XII
2110 4492 2381 4550 celebrati
2426 4492 2789 4547 Benedictum
2844 4489 3205 4544 Portuensem
3267 4487 3386 4558 epi-

708 4597 964 4651 scopum,
1009 4580 1107 4650 qui
1152 4599 1321 4651 super
1354 4581 1593 4637 Leonem
1630 4580 1896 4637 curialem
1933 4586 1993 4638 et
2027 4580 2372 4650 neophytum
2410 4578 2691 4635 orationes
2725 4577 2983 4640 dederat,
3027 4593 3085 4632 se
3122 4593 3384 4646 peccasse

709 4668 1020 4724 confessum
1055 4684 1191 4723 esse.

503 4775 547 4835 8
2873 4771 3001 4834 992
3044 4769 3179 4832 iun.
3213 4767 3299 4829 25

503 4877 892 4944 Iohannes
935 4877 1064 4943 XV
1130 4876 1447 4963 Gregorio
1515 4898 1696 4961 coep.
1747 4882 1899 4941 etc.:
1965 4875 2263 4942 concedit
2329 4882 2568 4941 terram
2636 4898 2685 4938 s.
2727 4875 3113 4940 Lateranen.
3162 4872 3383 4956 palatii

503 4981 587 5047 ad
634 4982 943 5048 fossatum
996 4980 1360 5047 faciendum
1417 4987 1482 5045 et
1539 4981 1862 5046 licentiam
1920 4981 2188 5046 tollendi
2245 5001 2480 5066 aquam
2526 5001 2610 5045 ex
2652 4980 2846 5043 fluvio
2894 4978 3207 5060 Traian0‚
3267 4974 3382 5037 sub

506 5107 699 5151 censu
744 5091 782 5151 6
829 5085 974 5152 den.
1022 5084 1350 5150 solvendo.
1384 5125 1467 5132 —-
1514 5085 1833 5159 Quoniam
1881 5106 2141 5169 semper
2185 5092 2348 5148 sunt.
2443 5083 2575 5148 Ser.
2623 5105 2684 5167 p.
2717 5103 2802 5146 m.
2837 5080 3147 5165 Stephani
3195 5079 3381 5140 scrin.

506 5212 553 5254 s.
584 5191 735 5275 pal.,
783 5192 848 5254 in
877 5212 961 5254 m.
1010 5191 1136 5255 iun.
1173 5196 1240 5253 et
1269 5188 1397 5253 ind.
1431 5212 1513 5254 ss.
1548 5195 1605 5252 5.
1694 5189 1844 5253 Dat.
1881 5195 1916 5253 7
1950 5189 2081 5254 kal.
2127 5189 2237 5252 iul.
2284 5211 2346 5272 p.
2379 5210 2464 5252 m.
2512 5187 2816 5251 Iohannis
2862 5207 2962 5268 ep.
2996 5182 3379 5340 ZaeNepeSin'
