4055 6069
673 482 754 544 42
1990 477 2230 536 Latium.

672 653 895 738 tensis,
954 674 1223 738 quorum
1290 675 1439 738 pars
1502 653 1708 719 altera
1764 655 1830 719 in
1885 654 2343 721 bibliothecam
2397 657 2777 722 Vaticanam
2844 657 3165 740 transivit,
3227 657 3433 721 altera
3489 658 3551 721 in

670 758 1057 822 monasterio
1090 758 1415 832 remansit,
1463 756 1542 820 cf.
1576 758 1807 823 Blume
1854 760 1990 824 Iter
2018 759 2089 823 II
2124 763 2229 823 191
2268 782 2397 844 sq.;
2445 759 2809 825 Bethmann
2853 762 2918 824 in
2952 760 3192 824 Archiv
3224 761 3358 825 XII
3391 764 3549 837 480;

672 863 754 926 A.
800 860 1048 925 Rocchi
1093 860 1368 926 Codices
1429 861 1819 946 Cryptenses
1877 884 1992 928 seu
2047 863 2347 928 abbatiae
2408 863 2687 948 Cryptae
2734 865 3041 930 Ferratae
3088 866 3150 928 in
3198 864 3558 929 Tusculano

671 965 1043 1049 (Tusculani
1096 965 1325 1051 1883);
1371 966 1447 1030 Ρ.
1480 966 1742 1030 Batiffol
1786 967 1885 1031 La
1929 967 2242 1032 Vaticane
2289 966 2369 1033 de
2415 967 2579 1033 Paul
2610 967 2716 1031 III
2761 970 2800 1033 a
2839 968 3003 1032 Paul
3033 968 3094 1033 V
3140 968 3395 1054 d'apres
3442 969 3555 1033 des

672 1069 1047 1136 documents
1092 1090 1433 1135 nouveaux
1478 1068 1693 1154 (Paris
1742 1069 1936 1157 1890)
1981 1093 2045 1156 p.
2078 1075 2161 1137 98
2187 1093 2280 1157 sq.

874 1259 930 1313 A
980 1282 1044 1306 ==
1082 1259 1236 1332 Orig.
1273 1261 1451 1315 Roma
1486 1260 1633 1317 Bibl.
1660 1260 1789 1316 Vat.
1827 1260 1992 1316 Arch.
2026 1259 2336 1318 Barberini.

876 1349 954 1401 Αι
981 1372 1045 1395 =
1084 1347 1235 1419 Orig.
1273 1348 1450 1405 Roma
1486 1350 1649 1406 Arch.
1687 1349 1951 1405 Colonna.

875 1435 932 1488 B
980 1458 1044 1481 =
1082 1435 1213 1505 Cop.
1251 1435 1428 1491 Roma
1460 1435 1610 1492 Bibl.
1634 1436 1764 1491 Vat.
1803 1437 1967 1491 Arch.
2004 1434 2313 1492 Barberini.

879 1519 925 1574 0
977 1545 1042 1568 =
1081 1520 1247 1577 Liber
1280 1523 1647 1592 perantiquus
1684 1523 1965 1579 bullarum
2002 1523 2481 1594 Cryptoferratae,
2527 1523 2791 1579 laudatus
2836 1523 2909 1579 ab
2956 1524 3168 1580 abbate
3212 1524 3452 1580 Menniti
3489 1528 3550 1580 et

1079 1625 1114 1663 a
1150 1608 1385 1676 Rodota,
1423 1608 1557 1665 olim
1592 1610 1649 1665 in
1685 1610 1915 1666 archivo
1952 1609 2180 1680 collegii
2214 1628 2256 1665 s.
2287 1608 2480 1664 Basilii
2518 1610 2586 1665 de
2627 1609 2788 1675 Urbe,
2825 1627 2972 1665 nunc
3008 1609 3370 1666 desideratur.

874 1692 935 1747 D
987 1717 1048 1739 =
1088 1694 1289 1752 Platea
1323 1696 1442 1753 sive
1477 1701 1757 1768 regestum
1795 1696 2167 1761 Bessarionis‚
2222 1697 2309 1751 ch.
2348 1714 2388 1750 s.
2422 1697 2544 1761 XV,
2590 1695 3004 1752 Grottaferrata
3053 1695 3201 1752 Bibl.
3258 1696 3552 1753 abbaziale

1081 1781 1206 1852 (sig.
1235 1782 1273 1836 Z
1297 1784 1329 1836 ὅ
1353 1783 1511 1847 XII);
1549 1784 1619 1839 cf.
1657 1784 1868 1839 Rocchi
1904 1782 2076 1839 Codd.
2113 1783 2305 1853 Crypt.
2331 1801 2387 1853 p.
2416 1783 2497 1838 13.

875 1866 938 1920 Ε
978 1890 1041 1913 =
1078 1868 1304 1925 Summa
1352 1870 1629 1926 bullarum
1680 1874 1742 1927 et
1793 1870 2259 1927 constitutionum
2307 1869 2743 1940 apostolicarum
2786 1889 2888 1940 pro
2933 1869 3125 1927 ordine
3169 1889 3211 1924 s.
3252 1870 3315 1926 P.
3354 1868 3553 1926 Basilii

1080 1955 1274 2026 Magni
1302 1956 1652 2027 aliorumque
1676 1958 2144 2014 collectaneorum
2183 1956 2439 2013 eumdem
2462 1957 2709 2013 ordinem
2733 1955 3111 2027 spectantium
3150 1975 3186 2013 a
3209 1957 3268 2011 P.
3301 1957 3358 2012 D.
3386 1958 3552 2013 Petro

1082 2041 1321 2099 Menniti
1368 2044 1614 2099 eiusdem
1658 2043 1869 2099 ordinis
1904 2044 2115 2100 abbate
2161 2043 2411 2115 generali
2458 2042 2680 2114 digesta
2729 2061 2780 2099 a.
2822 2044 2971 2107 1707,
3019 2043 3110 2098 ch.
3144 2062 3185 2098 s.
3222 2043 3411 2098 XVIII
3456 2042 3550 2107 in.‚

1081 2129 1260 2185 Roma
1295 2130 1461 2185 Arch.
1490 2131 1620 2187 Vat.
1658 2132 1849 2186 Fondo
1875 2130 2172 2194 Basiliani;
2210 2132 2278 2185 cf.
2307 2130 2538 2186 Batiffol
2578 2129 2636 2184 in
2663 2130 2819 2185 Rom.
2847 2130 3283 2193 Quartalschrist
3308 2131 3358 2183 ΙΙ
3384 2130 3451 2185 38
3470 2148 3551 2198 sq.

877 2213 938 2267 1⁴¹
977 2238 1040 2260 =
1079 2216 1160 2271 St.
1196 2216 1406 2287 Borgia
1452 2216 1631 2289 Copia
1677 2218 1805 2274 dell’
1856 2218 2110 2274 archivio
2164 2217 2252 2273 del
2308 2217 2608 2274 monistero
2662 2216 2721 2271 di
2774 2217 3206 2283 Grottaferrata,
3261 2235 3303 2271 s.
3347 2216 3553 2281 XVIII,

1081 2303 1258 2359 Roma
1292 2302 1438 2358 Bibl.
1467 2304 1597 2361 Vat.
1635 2306 1826 2361 Museo
1862 2305 2097 2377 Borgia;
2136 2304 2207 2360 cf.
2244 2304 2398 2360 Gott.
2436 2304 2645 2360 Nachr.
2685 2303 2819 2360 1903
2855 2322 2911 2374 p.
2935 2304 3020 2359 78.

879 2387 930 2442 G
976 2412 1041 2434 =
1077 2387 1263 2444 Codex
1311 2390 2014 2461 diplomatico-historicus
2064 2390 2597 2462 Cryptoferratensis
2649 2393 2878 2446 auctore
2922 2390 2988 2445 A.
3027 2388 3264 2454 Bocchi,
3318 2406 3360 2442 s.
3399 2387 3549 2452 XIX,

1080 2475 1493 2534 Grottaferrata
1528 2477 1672 2533 Bibl.
1708 2478 2018 2534 abbaziale.

672 2578 752 2642 *1
3097 2580 3434 2644 1012—24

667 2682 1141 2749 Benedictus
1192 2684 1362 2751 VIII
1427 2689 1675 2755 confert
1741 2688 1899 2779 duas
1973 2688 2181 2773 petias
2247 2689 2575 2753 vinearum
2646 2689 2825 2751 iuxta
2891 2581 3109 2751 vinage
3182 2579 3552 2749 monastierii

669 2788 930 2870 positas.

874 2897 1058 2953 Laud.
1094 2898 1157 2951 in
1191 2905 1357 2968 ...η
1394 2933 1461 2942 -
1498 2900 1627 2970 Βῳ.
1663 2902 1782 2959 JL.
1820 2931 1901 2956 -.

1047 2992 1208 3051 Licet
1241 2995 1491 3066 spurium
1526 2996 1604 3053 sit
1640 2995 1928 3054 Paschalis
1966 2997 2017 3052 II
2055 2996 2432 3071 privilegium,
2469 3015 2536 3054 ex
2571 3016 2682 3068 quo
2717 2996 3052 3068 sumpsimus
3088 2993 3349 3051 notitiam
3385 2993 3547 3059 hanc,

874 3097 996 3135 eam
1032 3081 1243 3147 tamen,
1294 3082 1429 3150 quia
1475 3100 1543 3138 ex
1587 3083 1797 3141 Calixti
1824 3085 1877 3139 II
1924 3084 2081 3140 bulla
2126 3084 2420 3155 deperdita
2470 3087 2542 3153 (n.
2567 3087 2621 3154 9)
2660 3102 2944 3140 emanasse
2982 3083 3228 3147 videtur,
3267 3099 3454 3136 veram
3491 3084 3549 3136 et

879 3166 983 3221 fide
1020 3166 1247 3237 dignam
1284 3171 1532 3226 autumo.

671 3270 753 3332 *2
2561 3273 2564 3284 ’
3008 3275 3176 3338 1024
3220 3274 3347 3339 dec.
3384 3276 3465 3336 17

673 3375 969 3441 Iohann
986 3397 1063 3441 es
1106 3375 1274 3442 XIX
1320 3378 1576 3444 dedicat
1618 3402 1787 3445 mon.
1835 3380 2452 3466 Oryptoferratense.

876 3486 1091 3540 Notitia
1124 3487 1186 3540 in
1219 3489 1444 3556 amiqua
1477 3490 1654 3560 typico
1686 3507 1726 3544 s.
1755 3491 2153 3545 Bartholomaci
2189 3493 2392 3546 abbatis
2426 3510 2466 3546 s.
2499 3492 2603 3547 XI
2628 3491 2763 3560 (cod.
2791 3493 2843 3546 A
2876 3493 2915 3561 β
2950 3490 3023 3558 V,-
3055 3490 3124 3556 cf.
3152 3489 3352 3544 Roochi
3389 3487 3546 3542 Godd.

673 3572 853 3643 Orypt.
896 3591 949 3642 p.
974 3579 1073 3641 21).
1126 3604 1190 3615 —
1226 3575 1367 3631 Εάἀ.
1404 3575 1722 3631 Βοίοηιηιανί
1749 3594 1806 3646 p.
1837 3587 1945 3634 105.
2016 3579 2321 3632 Placentini
2349 3596 2404 3647 p.
2431 3586 2516 3634 32.
2559 3609 2620 3619 -
2678 3579 2841 3648 Reyy.
2885 3577 3195 3632 Tomassetti
3228 3578 3264 3632 1.
3288 3593 3333 3631 c.
3368 3593 3426 3645 p.
3452 3581 3555 3630 487

670 3676 726 3714 n.
750 3666 798 3715 3.
860 3660 1054 3715 Bocchi
1096 3660 1373 3716 Commt.
1402 3671 1562 3730 p.17.
1623 3662 1730 3718 JL.
1770 3694 1851 3719 -.

1049 3756 1233 3812 Codex
1267 3757 1505 3827 praebet
1540 3776 1590 3814 a.
1616 3759 1768 3824 6533,
1805 3759 1841 3814 i.
1868 3777 1915 3815 e.
1941 3777 1991 3814 a.
2030 3764 2162 3830 post
2197 3759 2477 3816 Christum
2518 3761 2666 3818 1025.

668 3876 750 3940 *3
3217 3880 3434 3943 1033?

670 3980 1160 4047 Benedictus
1224 3983 1325 4047 IX
1391 4004 1719 4048 assensum
1785 3982 2082 4068 praebet,
2158 3989 2228 4048 ut
2292 3982 2631 4048 Albericus
2695 3983 2932 4066 (ἱρείας
2983 3886 3258 4067 pater(†
3302 3881 3549 4065 103g‘2)

672 4085 1012 4150 ecclesiam
1057 4085 1138 4151 ab
1186 4107 1263 4151 eo
1310 4085 1640 4152 fundatam
1688 4088 1750 4150 in
1798 4095 2006 4152 castro
2054 4110 2115 4172 q.
2165 4086 2224 4151 d.
2271 4087 2459 4152 Pauli
2504 4089 2893 4152 monasterio
2940 4088 3246 4153 conferat.

883 4195 1068 4251 Laud.
1103 4197 1166 4249 in
1202 4197 1509 4251 Innocentis·
1543 4197 1651 4252 ΠΙ
1684 4198 1833 4251 bulla
1874 4215 1926 4252 a.
1962 4205 2091 4254 1201
2138 4215 2260 4266 any.
2297 4204 2359 4252 31
2391 4197 2764 4266 „Constitutus
2808 4198 2871 4251 in
2912 4199 3258 4266 praesentia“
3309 4197 3552 4252 Potthast

673 4281 803 4351 Ray.
835 4290 986 4338 1480.
1013 4313 1079 4323 -
1115 4284 1270 4353 Reyy.
1294 4283 1611 4339 Sciommmi
1637 4301 1698 4353 p.
1725 4290 1842 4340 198.
1913 4285 2148 4352 Batiffol
2171 4302 2231 4354 p.
2255 4291 2321 4341 39
2353 4301 2408 4338 n.
2433 4293 2475 4339 1.
2548 4283 2751 4339 Rocclu·
2795 4283 3072 4340 Comum.
3100 4301 3159 4354 p.
3186 4292 3260 4340 17.
3314 4284 3423 4340 JL.
3462 4313 3547 4338 -.

1046 4377 1128 4433 De
1166 4383 1348 4436 castro
1384 4397 1439 4448 q.
1473 4379 1524 4434 d.
1564 4378 1727 4435 Pauli
1765 4379 1833 4436 cf.
1859 4378 2200 4437 Tomassetti
2237 4380 2272 4434 l.
2298 4398 2344 4435 c.
2380 4399 2438 4451 p.
2456 4379 2561 4437 430
2576 4398 2658 4449 sq.

670 4502 711 4561 4
3100 4506 3270 4567 1037
3311 4501 3462 4568 mai.

674 4605 1145 4671 Benedictus
1191 4607 1291 4671 IX
1334 4605 1836 4671 Bartholomaeo
1877 4608 2191 4692 spirituali
2235 4609 2406 4692 patri
2449 4628 2568 4672 nec
2598 4629 2724 4672 non
2756 4607 2995 4691 Cyrillo
3029 4628 3347 4691 egumeno
3395 4613 3547 4671 etc.:

673 4711 969 4776 concedit
1045 4718 1310 4794 terram,
1386 4718 1625 4795 quanta
1698 4711 1865 4775 infra
1940 4710 2295 4796 descriptos
2369 4712 2529 4776 fines
2598 4713 2984 4794 continetur,
3061 4732 3203 4775 cum
3279 4710 3552 4775 ecclesia

672 4837 720 4878 s.
752 4815 1106 4898 Michaelis,
1153 4815 1244 4879 ita
1287 4835 1442 4879 sane
1487 4821 1558 4879 ut
1602 4813 1891 4879 homines
1935 4814 2177 4879 ibidem
2222 4814 2588 4880 habitantes
2632 4816 2838 4879 securi
2882 4822 3187 4880 maneant
3230 4820 3297 4878 et
3339 4814 3551 4877 nullus

673 4940 756 4984 ex
801 4918 1027 4983 officiis
1073 4919 1440 5003 apostolicis
1495 4918 1734 4984 habeat
1788 4919 2114 4985 licentiam
2173 4940 2285 4983 eos
2338 4919 2422 4984 ad
2476 4919 2782 5003 placitum
2839 4939 3188 5004 provocare
3256 4924 3368 4982 aut
3434 4918 3550 4982 sub

673 5022 890 5107 aliqua
920 5021 1314 5088 districtione
1346 5024 1801 5109 constringere,
1848 5023 1963 5088 sed
2002 5022 2305 5107 quicquid
2336 5043 2516 5086 sacro
2562 5023 2804 5107 palatio
2836 5022 3143 5088 exhibere
3175 5020 3550 5104 debuerant,

670 5134 743 5192 ut
788 5126 988 5192 ceteri
1032 5126 1453 5209 Albanorum,
1498 5127 1886 5191 monasterio
1934 5127 2299 5211 specialiter
2344 5126 2698 5191 exsolvant.
2744 5165 2829 5175 —
2873 5126 3036 5192 Cum
3066 5146 3303 5210 magna
3345 5124 3547 5189 nobis.

674 5229 807 5296 Scr.
854 5252 915 5318 p.
963 5247 1065 5295 m.·
1095 5229 1304 5318 Sergii
1347 5233 1531 5298 scrin.
1580 5239 1647 5298 et
1689 5237 1820 5296 not.
1867 5230 1931 5299 S.
1962 5230 2042 5295 R.
2075 5231 2172 5315 E„
2218 5253 2303 5295 m.
2349 5232 2542 5314 maio,
2587 5230 2716 5294 ind.
2765 5253 2845 5294 ss.
2879 5235 2938 5295 5.
