4055 6069
1313 495 1521 556 Domus
1557 498 1900 574 leprosorum
1939 530 2000 541 —
2040 496 2256 558 Civitas
2292 493 2588 559 Verulana.
3268 500 3387 571 163

1612 793 1876 863 Civitas
1921 793 2302 861 Verulana.

1584 914 1822 970 Clerus
1874 918 1942 971 et
1998 916 2317 987 populus.

729 1054 1078 1120 Archivum
1124 1055 1397 1120 civitatis
1441 1055 1801 1139 antiquiora
1847 1054 2232 1120 documenta
2275 1075 2404 1119 non
2447 1055 2734 1138 possidet
2779 1053 2887 1141 (cf.
2936 1053 3111 1121 Gott.
3158 1057 3392 1123 Nachr.

523 1162 685 1224 1900
730 1157 997 1243 p.299)

521 1334 561 1394 1
2980 1332 3278 1395 494—95

519 1434 887 1501 Gelasius
933 1434 965 1498 I
1008 1433 1241 1499 Rufino
1287 1433 1398 1520 (al.
1446 1433 1752 1518 Martino)
1799 1440 1864 1498 et
1909 1433 2085 1499 Iusto
2134 1455 2309 1519 epp.:
2357 1434 2685 1500 honoratis
2731 1441 2797 1501 et
2837 1334 3157 1521 primariis
3185 1336 3395 1501 Vei-u-

519 1539 709 1604 lanae
738 1539 1014 1604 civitatis
1042 1538 1389 1623 Agnellum
1422 1536 1760 1602 diaconum
1806 1539 2089 1621 graviter
2120 1538 2583 1624 accusantibus,
2628 1540 2962 1626 praecipit,
3008 1547 3079 1605 ut
3123 1540 3398 1605 eundem

522 1642 894 1727 diaconum,
957 1642 1328 1707 imminente
1382 1642 1731 1707 Laurentio
1774 1641 2110 1709 Romanae
2172 1644 2483 1710 ecclesiae
2539 1645 2911 1728 defensore,
2969 1645 3053 1709 ad
3096 1644 3398 1710 iudicium

520 1769 675 1812 mox
721 1747 1060 1812 deducant.
1109 1784 1191 1793 -
1216 1740 1557 1811 Honorati
1603 1752 1671 1810 et
1714 1747 2017 1831 primarii.

736 1856 863 1913 0011.
900 1857 1062 1912 Britt.
1108 1856 1313 1912 Gelas&
1350 1856 1392 1911 Ι
1420 1872 1501 1925 ep.
1539 1864 1613 1911 19.
1697 1856 1878 1912 lvonis
1917 1857 2080 1913 Dect.
2123 1857 2257 1913 XII
2283 1874 2329 1914 c.
2353 1866 2432 1914 27.
2489 1888 2548 1898 -—
2609 1858 2755 1915 Edd.
2799 1860 2994 1915 Mami
3027 1859 3177 1914 VIII
3208 1865 3300 1913 129
3335 1880 3399 1904 =

526 1944 717 2016 Miync
752 1941 906 1997 LIX
927 1951 1043 2011 144,
1079 1966 1145 1990 =
1183 1943 1332 1996 Ball.
1370 1941 1521 1997 Rom.
1556 1941 1633 1997 cd.
1680 1943 1842 1998 Tam.
1879 1944 2023 2013 App.
2063 1942 2105 1997 I
2130 1950 2255 2012 328,
2295 1968 2359 1991 =
2402 1944 2549 2000 Thia
2584 1945 2726 2014 Epp.
2763 1945 2804 1999 I
2819 1953 2918 1999 491
2952 1962 3007 2000 n.
3031 1954 3102 2001 15.
3140 1974 3206 1983 —
3244 1943 3401 2012 Reyq.

524 2031 724 2087 Εωαῑᾶ
754 2030 818 2084 in
853 2028 927 2084 N.
948 2029 1146 2084 Archiv
1181 2027 1234 2082 V
1266 2035 1359 2083 616
1391 2047 1446 2083 π.
1474 2036 1548 2084 19.
1607 2030 1670 2084 J.
1705 2037 1822 2085 443.
1883 2030 1996 2086 JK.
2032 2038 2145 2087 656.

521 2207 567 2268 2
2227 2206 2584 2273 Benevento
2627 2208 3031 2291 (1167—69)
3073 2206 3199 2271 dec.
3235 2207 3320 2270 12

524 2308 977 2376 Alexander
1021 2309 1126 2373 III
1170 2306 1639 2394 F(aramundo)
1684 2330 1785 2394 ep.
1834 2315 1901 2373 et
1944 2309 2309 2374 consulibus
2355 2316 2422 2375 et
2464 2312 2758 2377 universo
2804 2310 2977 2376 clero
3026 2318 3091 2376 et
3135 2309 3401 2395 populo:

525 2416 858 2500 praecipit,
906 2420 1218 2499 quatenus
1259 2412 1653 2499 V(itellium)
1698 2436 1779 2479 ss.
1812 2413 2020 2499 Sergii
2068 2422 2134 2479 et
2177 2413 2380 2479 Bachi
2425 2413 2586 2482 diac.
2637 2413 2829 2498 eard„
2874 2417 2939 2479 in
2984 2413 3404 2499 Campaniam

526 2517 1006 2600 remittendum,
1066 2517 1344 2603 benigne
1402 2517 1690 2602 recipere
1738 2525 1805 2583 et
1850 2520 2146 2605 congruis
2191 2519 2490 2585 studeant
2533 2518 2880 2585 honoribus
2917 2522 3294 2604 praevenire
3341 2526 3407 2583 et

528 2623 587 2687 ei
633 2621 1051 2688 oboedientes
1096 2623 1161 2685 in
1206 2620 1498 2686 omnibus
1542 2622 1869 2687 exsistant.

903 2751 956 2788 v.
980 2731 1187 2797 Veroli,
1223 2732 1409 2805 Episc.
1446 2751 1499 2787 n.
1523 2732 1607 2787 23.

528 2840 571 2900 3
2140 2838 2576 2905 Tusculanum
2619 2841 3025 2923 (1170—80)
3068 2860 3204 2905 nov.
3236 2840 3325 2905 27

528 2940 984 3007 Alexander
1028 2943 1135 3007 111
1179 2943 1352 3008 clero
1400 2949 1467 3008 et
1510 2942 1788 3028 populo:
1850 2965 1993 3008 cum
2055 2950 2226 3009 terra
2270 2965 2493 3029 eorum
2536 2943 2902 3030 specialiter
2944 2943 3006 3009 b.
3031 2942 3212 3009 Petri
3255 2944 3410 3008 iuris

532 3046 818 3129 exsistat,
863 3047 1147 3131 mandat,
1194 3054 1508 3134 quatenus
1551 3046 1763 3112 nullus
1807 3069 2029 3114 eorum
2075 3048 2156 3114 ab
2202 3048 2522 3135 aliquibus
2567 3055 2751 3114 extra
2777 3048 3056 3114 Verulae
3089 3070 3283 3134 quam
3326 3047 3407 3113 ab

531 3151 802 3216 ecclesia
846 3150 1140 3217 Romana
1184 3153 1607 3236 patrocinium
1652 3152 1756 3217 vel
1816 3152 2256 3219 defensionem
2300 3153 2669 3238 praesumat
2712 3154 3072 3239 requirere,
3129 3173 3247 3217 nec
3292 3152 3409 3216 ali-

530 3256 673 3339 quis
717 3276 938 3320 eorum
982 3257 1418 3341 possessiones
1451 3256 1555 3321 vel
1601 3256 1812 3326 silvas.
1861 3278 2026 3341 quae
2071 3259 2139 3321 in
2183 3259 2503 3322 territorio
2535 3259 2809 3322 civitatis
2836 3256 2992 3322 Ver.
3041 3257 3409 3338 consistunt,

530 3358 639 3422 alii
671 3379 862 3443 quam
893 3359 1256 3424 concivibus
1286 3361 1587 3442 vendere,
1635 3359 1874 3425 donare
1921 3360 2024 3425 vel
2067 3362 2317 3446 pignori
2362 3360 2650 3445 obligare
2677 3366 3063 3445 praesumat.
3132 3358 3411 3441 Inhibet,

530 3483 610 3527 ne
658 3463 799 3548 quis
845 3483 1065 3528 eorum
1111 3464 1355 3529 Bittoni
1402 3463 1725 3550 quondam
1773 3465 1893 3529 civi
1922 3462 2272 3549 Verulano,
2321 3467 2428 3549 qui
2475 3486 2768 3551 egressus
2815 3471 2913 3529 est
2957 3463 3040 3527 ad
3086 3464 3410 3527 civitatem

530 3568 784 3633 Antene
815 3567 1101 3650 (Atina),
1136 3569 1444 3633 auxilium
1476 3574 1807 3652 praestare
1839 3568 2094 3634 audeat.
2122 3608 2205 3616 —-
2230 3568 2391 3634 Cum
2423 3575 2595 3633 terra
2617 3575 2849 3634 vestra.
2896 3568 3044 3633 Dat.
3072 3566 3409 3631 Tusculan.

532 3676 569 3735 5
600 3669 732 3736 kal.
781 3671 920 3736 dec.

741 3780 965 3837 Oeneius
997 3797 1041 3836 c.
1070 3789 1131 3838 25
1174 3782 1315 3849 (alia
1350 3782 1660 3851 apoqrapha
1696 3799 1763 3837 σω
1803 3781 1995 3837 Gencio
2027 3788 2240 3852 sumpta
2276 3784 2594 3851 praetereo).
2630 3813 2697 3823 —
2724 3782 2871 3839 Edd.
2909 3781 3190 3837 Muratori
3223 3780 3413 3848 Antia.

530 3867 605 3923 11
639 3874 751 3924 223.
822 3867 1092 3938 Psluka.
1136 3868 1280 3923 Acta
1314 3869 1425 3923 HI
1456 3876 1556 3924 274
1601 3886 1657 3922 n.
1686 3875 1799 3925 291.
1872 3868 2382 3925 Fabrc-Duchesne
2432 3869 2472 3923 Ι
2497 3876 2614 3926 268.
2669 3900 2736 3910 -
2792 3869 2957 3939 Rcyy.
2995 3866 3261 3937 Ptluykfl.
3300 3867 3415 3921 Iter

522 3971 584 4025 p.
609 3960 714 4010 286
745 3969 803 4009 n.
831 3961 939 4009 701.
991 3953 1102 4010 JL.
1140 3960 1317 4010 13532.

529 4110 609 4174 *4
2926 4110 3328 4193 (1159—81)

530 4215 989 4282 Alexander
1034 4217 1138 4281 111
1183 4216 1483 4302 prohibet
1525 4238 1643 4302 per
1681 4217 1755 4281 P.
1791 4216 2059 4283 Galloco
2107 4205 2587 4299 subdiaconum,
2635 4220 2950 4281 rectorem
2995 4214 3411 4298 Campaniae,

530 4340 611 4384 ne
636 4319 903 4406 ‚domini
948 4321 1029 4387 de
1076 4320 1340 4397 Babueo
1369 4321 1716 4387 Verulanis
1760 4322 2023 4385 iniurias
2071 4326 2137 4385 et
2179 4322 2555 4407 gravamina
2599 4321 2895 4386 inferant.

739 4428 1727 4502 zaua.a2„.a·-1u⁹.JL.-„

909 4525 1107 4583 Petrus
1142 4525 1414 4592 Gallocia,
1451 4530 1650 4598 postea
1686 4526 1834 4583 card.
1871 4544 1959 4598 ep.
1998 4525 2335 4583 Portuensis.

532 4630 571 4692 5
2483 4631 2804 4696 Laterano
2846 4631 3078 4712 (1182)
3121 4630 3254 4694 ian.
3288 4631 3332 4691 8

533 4732 662 4821 [Lu
677 4736 840 4800 cius
884 4736 989 4801 III
1034 4735 1397 4802 consulibus
1443 4744 1509 4802 et
1552 4737 1848 4801 universo
1887 4734 2187 4825 populo]:
2238 4744 2448 4802 cassat
2490 4737 2868 4817 iuramenta,
2915 4732 3143 4820 quibus
3175 4732 3414 4796 domini

535 4839 616 4905 de
661 4838 947 4923 Babuco,
1003 4846 1151 4925 post
1195 4847 1448 4905 atroces
1499 4841 1760 4905 iniurias
1820 4848 2044 4906 contra
2097 4839 2455 4906 Alexandri
2500 4840 2607 4904 ΠΙ
2657 4837 3153 4925 prohibitionem
3206 4838 3299 4919 (n.
3343 4837 3416 4917 4)

531 4942 875 5009 Verulanis
932 4944 1200 5027 inlatas,
1264 4965 1377 5009 eos
1441 4966 1560 5031 per
1611 4944 1941 5009 Aletrinos
2006 4946 2362 5030 astringere
2405 4949 2999 5029 praesumpserunt,
3065 4960 3144 5004 ne
3210 4959 3415 5021 usum,

533 5068 727 5133 quem
773 5049 838 5111 in
881 5048 1055 5113 silvis
1100 5049 1304 5113 caesis
1350 5054 1417 5113 et
1460 5049 1604 5114 aliis
1632 5047 1992 5113 habuerant
2021 5049 2391 5134 antiquitus,
2437 5047 2778 5124 haberent3
2825 5046 3082 5131 plenam
3128 5045 3222 5108 eis
3265 5062 3416 5107 con·-

533 5150 769 5217 cedens
835 5152 1239 5236 facultatem,
1302 5157 1373 5216 ut
1437 5152 1619 5217 illum
1686 5173 1868 5216 usum
1924 5152 1989 5216 in
2052 5152 2227 5217 silvis
2281 5153 2487 5218 caesis
2544 5150 2854 5217 faciendis
2912 5154 2978 5213 et
3031 5145 3417 5226 laborandis,

534 5278 725 5342 quem
771 5254 1133 5321 habuerunt
1176 5255 1510 5340 hactenus,
1568 5256 1758 5341 plene
1805 5276 1881 5320 ac
1924 5254 2129 5321 libere
2175 5256 2256 5322 de
2303 5263 2519 5321 cetero
2565 5254 2883 5337 habeant,
2950 5273 3076 5316 non
3123 5249 3416 5315 obstante

3014 5353 3109 5408 11*
