4055 6069
1540 1321 2354 1442 CASTRO

1425 1502 1827 1589 (Castrum.
1899 1500 2462 1587 Castrisanum)

706 1773 960 1831 Mariano
996 1774 1199 1832 Chezi
1235 1776 1412 1831 Breve
1460 1775 1703 1831 discorso
1751 1792 1918 1846 sopra
1965 1775 2023 1830 la
2071 1773 2349 1831 salubrita
2395 1775 2524 1831 dell'
2550 1774 2671 1830 aria
2705 1776 2857 1832 della
2893 1774 3037 1831 citta
3072 1774 3131 1829 di
3169 1774 3384 1839 Castro,

501 1877 536 1915 a
571 1860 662 1916 cui
698 1860 1041 1934 s’aggiunge
1075 1861 1164 1918 uel
1202 1862 1335 1917 fine:
1382 1862 1442 1917 Ia
1477 1879 1609 1918 vera
1655 1879 1686 1917 e
1735 1861 1850 1918 real
1899 1861 2123 1916 cronica
2159 1861 2311 1917 della
2355 1862 2569 1917 famosa
2613 1863 2682 1918 ed
2717 1860 3107 1918 antichissima
3144 1859 3289 1916 citta
3324 1859 3384 1915 di

502 1946 699 2002 Bulcia
753 1964 954 2003 ovvero
993 1947 1218 2013 Volcia,
1272 1966 1303 2003 6
1357 1948 1447 2005 (161
1492 1949 1799 2005 vescovado
1854 1948 2174 2004 transferito
2228 1965 2260 2004 e
2311 1948 2524 2004 ridotto
2570 1949 2717 2019 dopo
2760 1949 2819 2004 la
2863 1948 3029 2004 ruina
3071 1947 3129 2002 di
3166 1964 3290 2003 essa
3325 1946 3384 2001 in

501 2034 694 2090 Castro
740 2033 1127 2106 (Rouciglioue
1162 2036 1336 2103 1610).
1392 2066 1453 2076 -
1511 2035 1823 2092 Benedetto
1859 2034 2113 2090 Zucchi
2160 2034 2558 2091 Informatione
2606 2052 2638 2091 e
2688 2035 2911 2092 cronica
2957 2034 3108 2090 della
3144 2033 3290 2090 citta
3325 2031 3384 2088 di

505 2119 701 2176 Castro
744 2138 775 2176 e
826 2119 884 2175 di
929 2125 1081 2176 tutto
1129 2120 1186 2176 lo
1229 2125 1380 2178 stato
1417 2140 1540 2188 suo,
1591 2140 1641 2177 a.
1682 2122 1816 2178 1638
1869 2123 1986 2178 cod.
2022 2122 2153 2179 Vat.
2200 2122 2364 2178 Barb.
2401 2122 2539 2178 4844
2585 2123 2737 2193 (L111
2772 2123 2879 2192 82).
2933 2154 3000 2162 —
3054 2118 3290 2175 Cronica
3325 2116 3384 2173 di

503 2206 721 2271 Castro,
766 2225 866 2261 ms.
903 2226 943 2261 s.
969 2207 1155 2276 XVII,
1206 2208 1413 2280 Napoli
1450 2208 1597 2264 Bibl.
1635 2208 2051 2264 Brancacciana
2086 2211 2119 2265 5
2144 2209 2186 2263 F
2212 2210 2245 2264 3
2280 2210 2333 2275 (5
2366 2209 2419 2263 Η
2447 2211 2548 2278 16).
2602 2239 2665 2250 —
2720 2206 3008 2278 Ughelli
3049 2211 3065 2241 ¹
3092 2208 3118 2261 1
3154 2206 3255 2262 617
3276 2223 3384 2274 sq.;

502 2293 573 2346 ²1
610 2293 712 2348 578
730 2312 812 2362 sq.
861 2325 928 2335 —
971 2293 1145 2348 Flam.
1181 2293 1362 2349 Maria
1401 2293 1733 2349 Annibali
1770 2293 1992 2350 Notizie
2030 2294 2275 2351 storiche
2311 2295 2463 2351 della
2499 2312 2630 2350 casa
2665 2295 2920 2359 Famem,
2957 2293 3109 2348 della
3142 2293 3205 2348 fu
3240 2290 3385 2348 citta

499 2378 557 2434 di
593 2377 812 2446 Castro,
866 2380 957 2436 del
1010 2397 1110 2435 suo
1157 2380 1362 2436 ducato
1408 2398 1439 2437 6
1474 2381 1621 2437 delle
1656 2384 1802 2436 terre
1851 2398 1882 2437 6
1924 2381 2123 2453 luoghi
2158 2380 2262 2437 che
2298 2381 2356 2436 la
2392 2398 2835 2451 componevano,
2872 2378 3289 2451 coll'aggiunta
3323 2377 3382 2431 di

500 2466 607 2521 due
642 2466 799 2536 paesi
834 2466 1039 2523 Latera
1075 2484 1107 2523 6
1142 2467 1382 2524 Famese
1420 2468 1457 2522 1.
1498 2468 1552 2522 11
1589 2467 2042 2535 (Monteflascone
2070 2468 2240 2535 1817).
2267 2497 2332 2509 —
2370 2467 2630 2524 Moroni
2664 2466 2983 2523 Dizionario
3008 2465 3059 2519 X
3085 2465 3288 2534 222sq.
3316 2492 3382 2503 —

502 2581 564 2590 —
604 2550 1042 2622 Cappelletti
1077 2553 1129 2608 V
1163 2554 1366 2623 552sq‚

1465 2742 1936 2829 Episcopatus
1982 2743 2407 2813 Castrensis,

717 2882 966 2964 „Castri
1027 2883 1340 2967 originem
1400 2884 1907 2969 antiquissimam
1971 2884 2168 2948 fuisse
2227 2890 2513 2970 oportet,
2583 2883 2837 2949 tametsi
2904 2879 3378 2966 perobscuram,

500 3006 694 3071 quum
759 2986 968 3051 nullus
1026 2988 1283 3053 omnino
1343 2996 1567 3054 auctor
1624 2989 2009 3075 reperiatur,
2081 2990 2189 3075 qui
2256 2988 2544 3054 eiusdem
2601 2988 2913 3074 originem
2982 3005 3127 3049 cum
3188 2980 3379 3048 laude

497 3090 875 3173 protulerit“
923 3090 1263 3178 (Ughelli).
1352 3092 1667 3179 Ughellus
1722 3094 1959 3178 aliique
2004 3101 2263 3179 putant,
2318 3100 2466 3178 post
2523 3093 2823 3177 antiquae
2870 3088 3170 3155 Volsciae
3225 3088 3377 3151 civi-

500 3195 648 3257 tatis
692 3195 939 3260 ruinam
984 3197 1419 3281 episcopalem
1465 3195 1688 3261 sedem
1739 3196 1864 3261 huc
1909 3197 2283 3262 translatam
2339 3218 2480 3262 esse
2538 3195 2649 3282 (cf.
2698 3195 2894 3260 etiam
2940 3192 3166 3277 Giorgi
3210 3191 3379 3255 Diss.

497 3296 642 3362 hist.
690 3298 772 3362 de
818 3299 1126 3365 cathedra
1180 3302 1373 3385 episc.
1421 3299 1637 3364 Setiae
1682 3322 1746 3385 p.
1781 3304 1862 3366 36
1894 3298 2057 3385 sq.);
2113 3300 2457 3366 Duchesne
2512 3298 2735 3385 (Arch.
2784 3297 2956 3363 della
3001 3295 3143 3361 Soc.
3189 3294 3379 3360 Rom.

495 3400 626 3466 XV
670 3401 824 3487 489)
883 3423 966 3466 ex
1022 3403 1259 3489 oppido
1319 3404 1628 3468 Bisentio.
1736 3404 2094 3490 Episcopus
2152 3404 2510 3470 Castrensis
2555 3402 2708 3467 olim
2752 3401 3047 3466 Romano
3092 3398 3380 3484 pontifici

497 3506 869 3571 immediate
937 3506 1258 3573 subiectus
1314 3507 1453 3572 fuit.
1572 3507 1865 3574 Ecclesia
1931 3507 2320 3573 cathedralis
2394 3530 2444 3571 s.
2500 3506 2737 3572 Sabino
2807 3513 2873 3571 et
2939 3526 2987 3568 s.
3035 3502 3379 3569 Pancratio

499 3607 824 3692 dedicata,
879 3611 1094 3676 floruit
1150 3632 1352 3697 usque
1399 3611 1481 3676 ad
1525 3632 1584 3675 a.
1624 3615 1819 3696 1649,
1868 3610 2123 3697 quando
2170 3611 2529 3677 Castrensis
2574 3609 2724 3675 urbs
2770 3608 2851 3674 ab
2895 3606 3270 3672 Innocentio
3316 3606 3382 3669 X

497 3711 579 3777 ob
625 3733 852 3777 necem
897 3716 1183 3801 episcopi
1227 3738 1267 3780 a
1309 3715 1741 3780 fundamentis
1786 3716 1997 3781 diruta
2043 3719 2141 3780 est
2187 3720 2254 3779 et
2297 3714 2434 3779 solo
2481 3721 2780 3800 aequata,
2827 3711 2981 3777 sede
3028 3708 3378 3796 episcopali

497 3817 580 3882 ad
653 3817 960 3902 oppidum
1035 3817 1685 3903 Aquampendentem
1763 3818 2089 3883 translata.
2202 3816 2421 3882 Hodie
2494 3837 2701 3902 pauca
2775 3814 3035 3900 quidem
3106 3812 3379 3896 vestigia

436 4006 443 4016 ι
497 3929 866 4007 supersunt;
911 3921 1022 3986 ubi
1067 3921 1298 4006 stabat,
1345 3923 1549 4005 surgit
1591 3921 1888 3987 columna
1933 3943 2076 3986 cum
2122 3922 2560 4006 inscriptione:
2614 3920 2780 4005 „Qui
2823 3920 2894 3984 fu
2936 3915 3224 3984 Castro“.

708 4095 1060 4161 Archin
1107 4095 1464 4161 Castrensis
1509 4097 1916 4180 episcopatus
1959 4094 2154 4161 hodie
2199 4097 2266 4160 in
2309 4095 2548 4181 oppido
2593 4093 2957 4159 Valentano
3004 4089 3381 4182 adservatur

495 4200 605 4285 (cf.
652 4198 830 4265 6611.
874 4199 1111 4265 Nachr.
1165 4202 1320 4265 1901
1372 4220 1435 4284 p.
1470 4199 1646 4286 207).
1735 4197 1866 4265 Sed
1919 4200 2318 4266 documentis
2372 4199 2834 4286 antiquioribus
2879 4197 3135 4262 omnino
3181 4197 3377 4259 caret.

495 4302 736 4369 Paulus
767 4302 837 4366 II
864 4303 993 4367 iam
1034 4309 1418 4389 conquestus
1449 4310 1566 4387 est,
1607 4304 1951 4388 originales
1981 4304 2229 4369 litteras
2258 4303 2648 4369 fundationis
2678 4302 2990 4369 ecclesiae
3022 4298 3379 4366 Castrensis

497 4408 760 4492 eiusque
817 4408 957 4471 iura
1010 4414 1078 4472 et
1127 4406 1467 4492 privilegia
1518 4428 1594 4471 ac
1639 4406 2017 4472 donationes
2063 4409 2125 4473 ei
2178 4407 2390 4474 factae
2436 4409 2818 4493 illarumque
2865 4403 3378 4471 confirmationes

494 4511 756 4575 minime
801 4512 1089 4596 reperiri,
1136 4533 1263 4575 uno
1309 4511 1546 4575 Leonis
1575 4510 1677 4575 IX
1718 4512 2058 4597 privilegio
2106 4519 2379 4597 excepto
2426 4511 2516 4596 (n.
2549 4511 2638 4594 2).
2727 4510 2959 4595 Itaque
3005 4507 3249 4572 nullum
3295 4527 3377 4570 ex

494 4615 847 4700 privilegiis
876 4614 958 4680 ab
993 4614 1503 4680 antecessoribus
1532 4614 1770 4680 Leonis
1799 4615 1901 4680 IX
1944 4617 2077 4680 sive
2125 4615 2206 4681 ab
2237 4615 2730 4701 imperatoribus
2760 4635 2875 4679 seu
2905 4608 3377 4677 marchionibus

494 4719 600 4783 vel
630 4718 966 4783 comitibus
1009 4719 1159 4784 huic
1190 4719 1502 4785 ecclesiae
1535 4720 1872 4804 concessis,
1919 4719 2001 4785 de
2036 4719 2264 4804 quibus
2303 4721 2443 4805 ipsa
2473 4721 2711 4785 Leonis
2740 4718 2841 4783 IX
2871 4716 3046 4782 bulla
3074 4714 3377 4799 loquitur,

496 4822 581 4887 ad
625 4844 739 4887 nos
782 4825 1093 4907 pervenit.

700 4977 757 5031 B
805 5000 871 5023 =
906 4977 1370 5047 Transsumptum
1406 4976 1570 5031 Pauli
1608 4976 1660 5031 ΙΙ
1699 4994 1749 5031 6.
1778 4977 1911 5033 1465
1945 4993 2072 5032 nov‚
2102 4978 2167 5033 14
2204 4978 2382 5033 Roma
2417 4975 2738 5032 Arch.Vat.
2765 4977 2911 5030 Arm.
2939 4974 2988 5028 V
3026 4991 3072 5028 c.
3099 4971 3178 5026 VI
3214 4988 3267 5023 n.
3290 4969 3375 5028 21.

909 5063 1067 5135 [Reg.
1103 5064 1226 5119 Lat.
1265 5063 1428 5119 Pauli
1462 5063 1518 5118 H
1554 5080 1605 5119 a.
1628 5063 1680 5117 11
1717 5066 1758 5119 t.
1784 5064 1847 5118 21
1888 5064 1926 5118 f.
1953 5064 2053 5119 155
2089 5063 2254 5120 hodie
2291 5063 2659 5126 desideratum
2698 5063 2767 5118 cf.
2805 5062 2959 5116 Gutt.
2996 5059 3201 5113 Nachr.
3242 5056 3376 5114 1902

905 5168 958 5220 p.
986 5150 1138 5220 510];
1189 5149 1258 5206 cf.
1303 5167 1524 5220 quoque
1572 5149 1879 5206 Innocentii
1914 5150 2049 5205 VIII
2094 5151 2311 5207 bullam
2354 5168 2405 5206 a.
2434 5153 2570 5209 1490
2612 5150 2710 5206 iul.
2740 5150 2805 5206 18
2841 5149 3017 5204 Roma
3051 5145 3218 5202 Arch.
3244 5143 3375 5200 Vat-

906 5239 1055 5294 Arm.
1078 5238 1131 5293 V
1168 5256 1214 5293 c.
1238 5237 1320 5292 VI
1354 5256 1409 5293 6.
1435 5238 1518 5293 24.
