4055 6069
1232 1393 2468 1512 TERRACINA

615 1762 903 1835 Ughelli
955 1766 968 1795 ¹
1011 1763 1037 1816 I
1072 1763 1328 1831 *194sq.;
1370 1765 1393 1797 ²
1430 1763 1454 1815 I
1496 1761 1628 1816 1278
1653 1780 1732 1831 sq.
1777 1793 1845 1800 —
1896 1761 1960 1816 D.
2001 1762 2063 1815 A.
2091 1760 2457 1817 Contatori
2502 1761 2584 1817 De
2625 1761 2863 1817 historia
2913 1761 3296 1818 Terracinensi

410 1849 541 1905 libri
585 1851 617 1903 5
671 1850 900 1916 (Romae
963 1850 1133 1918 1706).
1206 1880 1272 1888 —
1338 1849 1417 1904 St.
1461 1848 1720 1919 Borgia
1774 1848 1975 1902 Rerum
2046 1847 2452 1904 maritimarum
2518 1847 2914 1903 dominationis
2976 1847 3297 1918 pontificiae

408 1938 784 2003 monumenta,
831 1953 928 1989 ms.
967 1953 1008 1990 ε.
1035 1934 1239 1999 XVIII,
1278 1933 1454 1990 Roma
1488 1933 1634 1988 Bibl.
1662 1935 1791 1989 Vat.
1828 1934 2018 1990 Museo
2055 1934 2266 2006 Borgia
2301 1935 2391 2004 (cf.
2429 1934 2581 1991 Gott.
2622 1935 2829 1991 Nachr.
2855 1936 2991 1992 1903
3016 1954 3069 2005 p.
3099 1934 3206 2004 73).
3232 1968 3297 1975 —-

408 2023 596 2080 Pietro
633 2021 1034 2077 pantanelli
1078 2020 1158 2075 De
1197 2038 1354 2076 sacro
1391 2019 1719 2091 principatu
1769 2020 2155 2077 Terracinensi
2193 2022 2422 2092 eiusque
2458 2022 2851 2092 pontificibus,
2901 2040 3001 2077 ms.
3039 2041 3081 2076 s.
3107 2021 3294 2075 XVIII

409 2112 500 2178 (cf.
539 2110 621 2165 De
657 2110 714 2164 la
751 2108 1057 2164 Blanchere
1094 2127 1148 2180 p.
1174 2109 1248 2176 3).
1285 2139 1351 2148 —
1387 2107 1903 2177 Em.Bolognini
1935 2107 2204 2165 Memoris
2241 2109 2368 2163 dell'
2389 2109 2579 2164 antico
2615 2126 2645 2164 e
2676 2112 2932 2178 presente
2965 2111 3117 2164 stato
3151 2108 3298 2163 delle

410 2195 607 2268 paludi
633 2195 868 2251 Pontine
901 2196 985 2263 (In
1024 2196 1198 2250 Roma
1238 2197 1408 2264 1759).
1445 2226 1508 2235 -
1546 2194 1671 2249 Nic.
1697 2194 1771 2249 M.
1799 2195 1851 2248 N
1863 2193 2083 2250 icolai
2126 2194 2223 2250 De’
2249 2194 2666 2250 bonificamenti
2703 2195 2850 2250 delle
2886 2199 3032 2251 terre
3057 2194 3298 2250 Pontine

409 2282 543 2338 libri
565 2284 600 2337 4
626 2283 712 2349 (In
737 2283 914 2338 Roma
941 2282 1112 2349 1800).
1152 2313 1217 2322 —
1244 2283 1554 2336 Marocco
1590 2280 1938 2337 Monumenti
1961 2280 2068 2335 XII
2100 2282 2198 2338 140
2216 2299 2296 2351 sq.
2336 2312 2401 2321 —
2429 2281 2884 2352 Cappelletti
2912 2281 2986 2336 VI
3012 2282 3206 2350 516sq,
3234 2312 3298 2321 -

412 2370 592 2425 Moro
608 2370 674 2426 ni
706 2367 1023 2426 Dizionario
1058 2367 1286 2422 LXXIV
1327 2369 1419 2422 151
1444 2385 1524 2436 sq.
1560 2396 1626 2406 —
1663 2365 1832 2422 M.-R.
1862 2366 2029 2421 Dela
2055 2366 2429 2422 Blanchere
2477 2366 2791 2432 Terracine,
2829 2366 2972 2422 essai
3009 2367 3297 2423 d'histoire

411 2455 589 2511 locale
627 2456 713 2511 in:
747 2455 1147 2524 Bibliotheque
1183 2455 1281 2510 des
1306 2442 1502 2510 Ecoles
1537 2452 1841 2525 francaises
1876 2454 2182 2509 d’Athenes
2217 2456 2276 2509 et
2311 2453 2380 2509 de
2416 2453 2589 2509 Rome
2627 2453 2867 2509 XXXIV
2906 2454 3085 2522 (Paris
3127 2455 3299 2524 1884).

413 2572 474 2581 -·
528 2543 570 2596 Ι.
607 2541 842 2613 Giorgi
895 2541 1227 2597 Documenti
1275 2539 1620 2596 Terracinesi
1666 2539 1752 2593 in:
1807 2540 2122 2597 Bullettiuo
2184 2541 2314 2596 dell'
2351 2540 2582 2597 Istituto
2627 2542 2831 2597 storico
2880 2541 3118 2598 italiano
3168 2542 3299 2596 XVI

412 2629 610 2698 (Roma
649 2628 803 2696 1895)
839 2630 906 2682 55
925 2647 1005 2698 sq.

1311 2802 1785 2885 Episcopatus
1839 2800 2405 2869 Terracineusis.

631 2958 977 3025 Tarracina
1034 2961 1166 3024 sive
1224 2960 1600 3045 Terracina,
1667 2961 1819 3023 olim
1881 2960 2141 3045 Anxur,
2187 2960 2571 3026 Volscorum
2632 2962 3074 3049 antiquissima
3129 2962 3298 3041 urbs,

297 3069 303 3076 ‘
414 3066 595 3128 iuxta
640 3063 1048 3129 traditionem
1095 3087 1143 3128 s.
1176 3064 1688 3149 Epaphroditum
1739 3066 2014 3148 primum
2049 3067 2420 3150 episcopum
2452 3065 2694 3130 habuit.
2785 3068 2964 3133 Inter
2996 3067 3302 3133 eeclesias

413 3167 748 3232 Romanae
807 3169 1171 3252 provinciae
1227 3174 1625 3252 numeratur,
1696 3167 2068 3233 immediate
2126 3168 2423 3234 Romano
2485 3171 2772 3254 pontifici
2836 3170 3123 3236 subiecta
3190 3170 3298 3255 (cf.

415 3272 635 3337 Ceneii
678 3272 821 3338 Lib.
870 3294 1038 3338 cens.
1087 3270 1151 3336 S.
1183 3271 1262 3335 R.
1296 3271 1371 3336 Ε.
1421 3270 1521 3336 ed.
1569 3271 2161 3337 Fabre-Duchesne
2209 3273 2239 3336 I
2287 3272 2416 3359 14).
2507 3273 2807 3340 Dioecesi
2856 3274 3301 3340 Terracinensi

415 3397 582 3441 saec.
629 3375 728 3440 XI
791 3377 1198 3460 episcopatus
1253 3376 1665 3460 Pipernensis
1725 3375 2066 3457 (Piperno)
2126 3383 2193 3441 et
2261 3375 2516 3441 Setinus
2577 3378 2821 3460 (Sezze)
2879 3400 3086 3464 aeque
3143 3379 3298 3442 uniti

417 3488 594 3563 sunt,
650 3489 841 3565 prout
886 3502 968 3545 ex
1012 3478 1188 3544 bulla
1234 3480 1731 3544 confirmationis
1778 3478 1859 3544 ab
1912 3479 2203 3544 Honorio
2251 3481 2353 3545 III
2402 3503 2458 3546 a.
2502 3485 2661 3547 1217
2711 3484 2835 3546 ian.
2880 3486 2952 3547 18
2998 3482 3303 3546 Potthast

414 3584 578 3669 Reg.
631 3587 797 3648 5420
843 3584 1099 3668 prolata
1144 3591 1432 3668 apparet.

633 3758 914 3822 Archiva
946 3758 1252 3841 episcopii
1299 3765 1365 3820 et
1395 3756 1688 3838 civitatis,
1736 3758 1864 3820 iam
1899 3778 2068 3821 saec.
2104 3757 2231 3822 XV
2262 3759 2325 3822 in
2360 3779 2551 3822 unum
2586 3760 2876 3842 collecta,
2925 3761 2988 3822 in
3020 3760 3298 3823 sacrario

419 3862 806 3928 cathedralis
863 3863 1176 3927 ecclesiae
1232 3885 1278 3924 s.
1325 3859 1608 3926 Caesarii
1674 3860 2002 3926 recondita
2060 3871 2233 3944 sunt,
2290 3861 2399 3926 ubi
2455 3861 2664 3926 adhuc
2723 3863 3142 3928 adservantur
3187 3861 3296 3947 (cf.

420 3967 646 4052 Giorgi
712 3988 772 4051 p.
833 3966 963 4050 60).
1087 3966 1259 4030 Olim
1325 3965 1899 4050 locupletissimum
1968 3972 2034 4030 et
2106 3968 2562 4053 antiquissimis
2637 3966 3036 4032 documentis
3109 3966 3299 4031 valde

420 4072 771 4156 copiosum,
819 4070 1146 4135 archivum
1203 4071 1324 4134 hoc
1378 4077 1606 4154 postea
1651 4071 1895 4134 incuria
1950 4071 2284 4136 custodum
2341 4072 2718 4156 gravissima
2764 4070 2998 4135 damna
3043 4093 3300 4155 passum

421 4180 536 4240 est.
649 4174 978 4240 Contatori
1048 4196 1109 4259 p.
1167 4178 1288 4238 387
1354 4183 1603 4256 narrat,
1673 4176 2050 4238 canonicum
2120 4174 2440 4260 quendam
2505 4196 2671 4239 saec.
2723 4174 2920 4238 XVII
2989 4175 3301 4238 eeclesiae

422 4277 759 4363 privilegia
810 4299 885 4342 ac
937 4286 1352 4342 monumenta
1398 4286 1465 4341 et
1511 4277 1768 4363 quidem
1828 4280 2191 4363 antiquiora
2249 4281 2312 4342 in
2355 4280 2572 4365 lignea
2617 4279 2880 4363 capsula
2926 4279 3188 4361 inclusa,
3234 4285 3305 4340 ut

420 4383 697 4448 Romam
744 4382 1267 4465 transferrentur,
1314 4403 1352 4446 a
1399 4380 1683 4446 muribus
1738 4402 1854 4465 per
1899 4382 2229 4465 foramen,
2275 4384 2528 4447 nemine
2577 4381 2992 4464 observante,
3060 4382 3305 4464 illapsis

310 4490 313 4493 ’
423 4486 676 4551 corrodi
732 4486 1115 4570 permisisse.
1207 4485 1391 4550 Idem
1437 4493 1660 4550 auctor
1708 4485 1869 4549 vidit
1914 4507 2026 4549 suo
2079 4494 2368 4571 tempore
2413 4487 2619 4570 plura,
2679 4507 2844 4571 quae
2891 4485 3084 4550 hodie
3133 4484 3301 4548 desi-

424 4591 744 4655 derantur.
855 4591 1057 4656 Porro
1127 4592 1192 4653 in
1253 4591 1622 4654 inventariis
1689 4611 1747 4654 a.
1814 4594 1968 4655 1781
2048 4596 2115 4652 et
2187 4594 2347 4654 1797
2419 4591 2726 4655 confectis
2796 4595 3171 4654 enumerata
3240 4599 3305 4650 et

424 4695 806 4779 transcripta
860 4703 1005 4758 sunt
1058 4694 1471 4778 documenta,
1528 4715 1695 4780 quae
1743 4693 2129 4758 Terracinae
2178 4694 2413 4758 frustra
2458 4695 2908 4779 quaesivimus.
3001 4693 3303 4756 Ceterum

424 4798 742 4884 quaedam
774 4800 1194 4863 instrumenta
1237 4819 1364 4862 una
1411 4818 1555 4862 cum
1591 4798 1944 4862 inventario
1979 4819 2036 4860 a.
2080 4800 2230 4861 1781
2288 4799 2349 4860 in
2384 4798 2642 4862 archivo
2675 4796 2990 4862 Vaticano
3022 4796 3304 4879 reposita

423 4910 568 4965 sunt
612 4901 1047 4987 (Pergamene
1096 4901 1160 4964 di
1206 4901 1601 4985 Terracina).

638 5006 736 5072 Of.
785 5007 982 5071 etiam
1037 5006 1405 5070 Inventario
1468 5005 1616 5070 dell’
1653 5005 1934 5070 archivio
1991 5003 2099 5069 del
2154 5026 2424 5069 comune
2481 5004 2546 5067 di
2591 5003 2939 5068 Terracina
2982 5001 3088 5065 nel
3145 5005 3303 5065 1797

424 5112 711 5196 (auctore
757 5110 836 5174 N.
867 5109 954 5174 M.
980 5109 1259 5195 Nicolai)
1306 5109 1516 5174 Roma
1561 5110 1757 5174 Arch.
1806 5108 1868 5171 di
1917 5112 2083 5171 stato
2134 5107 2302 5193 (cod.
2352 5106 2496 5193 93);
2544 5107 2623 5171 cf.
2658 5105 2833 5171 Gett.
2866 5105 3103 5169 Nachr.
3145 5109 3303 5168 1903

423 5238 485 5300 p.
520 5220 666 5279 541.

525 5334 695 5386 Rem,
722 5333 853 5378 ltaIIa
875 5332 1104 5389 pontificia
1128 5336 1189 5376 11.
2964 5315 2997 5366 8
