4055 6069
578 351 705 413 216
1902 342 2145 400 Latium.

580 544 616 588 e
663 522 924 587 critiche
965 542 1157 607 sopra
1201 522 1291 607 gli
1337 520 1453 585 atti
1500 540 1536 584 e
1581 518 1628 582 il
1673 521 1961 586 cimitero
2010 519 2076 583 di
2123 518 2186 584 S.
2219 519 2469 584 Eutizio
2528 518 2594 583 di
2636 518 2915 585 Ferento
2964 519 3202 606 (Roma
3240 521 3458 609 1886);

578 625 920 691 Duchesne
966 627 1032 690 in
1073 626 1271 690 Arch.
1319 626 1493 691 della
1539 625 1681 691 Soc.
1728 625 1916 690 Rom.
1963 625 2097 690 XV
2143 624 2369 710 (1892)
2414 627 2540 689 489
2565 646 2658 709 sq.

796 731 872 794 In
926 732 1245 795 territorio
1290 729 1768 794 Polimartiensi
1812 731 2002 794 situm
2050 730 2204 793 olim
2251 728 2371 793 fuit
2413 728 2870 793 monasterium
2916 752 2964 793 s.
2999 730 3462 796 Terentiani

580 855 725 898 cum
771 834 949 899 cellis
995 836 1123 898 suis
1168 857 1217 898 s.
1251 834 1581 918 Stephani,
1629 856 1677 897 s.
1709 835 1975 911 Mariae,
2023 856 2072 896 s.
2105 833 2461 916 Benedicti,
2509 854 2558 895 s.
2592 833 2881 898 Silvestri
2922 840 2988 898 et
3031 856 3081 897 s.
3112 834 3459 921 Valentini,

544 941 707 1003 riam
752 960 920 1003 saec.
951 939 1016 1003 X
1059 945 1485 1003 memoratum
1529 938 1638 1023 (cf.
1685 939 1954 1024 Agapiti
1997 936 2067 1002 II
2114 945 2181 1003 et
2223 937 2527 1001 Iohannis
2568 937 2705 1001 XII
2750 937 3085 1023 privilegia
3128 960 3244 1023 pro
3289 961 3459 1005 mon.

579 1066 627 1107 s.
672 1040 961 1108 Silvestri
1016 1042 1096 1108 de
1155 1041 1330 1109 Urbe
1385 1043 1503 1107 JL.
1554 1044 1741 1107 3669.
1791 1041 2006 1126 3692).
2109 1041 2289 1106 Inter
2345 1042 2723 1126 insigniores
2778 1040 3137 1107 habebatur
3190 1042 3463 1109 ecclesia

582 1168 836 1232 quoque
892 1170 941 1209 s.
988 1147 1279 1211 Flaviani
1327 1147 1405 1211 de
1451 1145 1671 1210 Monte
1716 1145 2047 1210 Flasconis
2103 1145 2593 1230 Balneoregien.
2650 1144 2853 1210 dioec.
2956 1145 3252 1211 Castrum
3307 1168 3460 1212 vero

578 1248 815 1313 Montis
868 1249 1199 1313 Flasconis
1244 1248 1794 1331 (Montefhzscone)
1839 1248 2136 1314 Urbanus
2167 1249 2228 1313 V
2273 1270 2329 1312 a.
2369 1251 2532 1313 1369
2578 1268 2725 1333 aug.
2760 1252 2840 1313 22
2887 1271 2926 1313 a
2970 1249 3458 1337 Balneoregien.

582 1353 863 1418 dioecesi
908 1355 1150 1417 exemit
1193 1352 1410 1438 ibique
1444 1353 1783 1417 ecclesiam
1815 1351 1875 1417 b.
1906 1352 2298 1437 Margaritae
2345 1351 2461 1416 sub
2505 1354 2763 1438 proprio
2797 1355 3100 1439 episcopo
3147 1356 3212 1419 in
3242 1354 3462 1420 cathe-

581 1456 826 1521 dralem
875 1459 1082 1522 erexit
1126 1455 1235 1541 (cf.
1283 1456 1612 1543 Corneto).

795 1646 936 1712 Iam
968 1647 1284 1731 Ughellus
1324 1653 1613 1731 testatur,
1661 1668 1730 1712 se
1777 1668 1859 1711 ex
1905 1647 2215 1712 ecclesiae
2246 1647 2806 1732 Balneoregiensis
2849 1649 3108 1713 archivo
3153 1649 3309 1715 nihil
3353 1658 3465 1715 aut

581 1757 755 1816 certe
800 1772 1026 1835 pamm
1071 1750 1313 1816 referre
1343 1752 1647 1837 potuisse,
1693 1758 1957 1836 propter
1986 1751 2296 1836 pleraque
2340 1749 2657 1835 incendia,
2705 1773 2870 1837 quae
2917 1761 3462 1839 consumpserunt.

579 1856 853 1921 Unicum
887 1855 1339 1921 documentum
1374 1856 1543 1920 circa
1575 1856 2017 1940 episcopatum
2049 1855 2658 1940 Balneoregiensem
2689 1857 2756 1919 in
2787 1854 3085 1942 Gregorii
3115 1856 3151 1920 I
3193 1859 3465 1943 regestis

581 1960 916 2024 invenitur.

581 2115 617 2153 ‚3
3223 2115 3236 2128 .

585 2115 1005 2304 Gzregorius
1049 2218 1084 2281 I
1129 2217 1393 2283 Ansfrid
1437 2217 1716 2304 glorioso
1756 2219 1920 2283 viro:
1970 2224 2210 2302 monet,
2257 2225 2344 2302 ut,
2389 2218 2443 2281 si
2488 2217 2809 2282 Iohannes
2855 2116 3169 2302 diacSGZg
3209 2116 3466 2284 :gn-gna

584 2344 729 2387 cum
772 2321 1240 2387 habitatoribus
1284 2324 1475 2387 castri
1519 2322 1834 2388 Balneum
1880 2324 2052 2409 regis
2099 2323 2470 2408 episcopum
2501 2321 2923 2387 ordinandum
2969 2323 3231 2407 electus,
3277 2328 3465 2409 aptus

581 2448 709 2491 non
753 2425 967 2511 fuerit,
1013 2426 1211 2491 alium
1257 2425 1518 2512 eligant,
1566 2428 1675 2512 qui
1719 2426 1804 2492 ad
1849 2427 1973 2492 hoc
2018 2426 2302 2492 officium
2346 2432 2534 2511 aptus
2578 2425 2794 2491 valeat
2837 2427 3125 2491 inveniri.

788 2535 975 2592 Laud.
1009 2537 1073 2590 en
1104 2554 1159 2590 n.
1185 2543 1233 2592 2.
1271 2567 1334 2577 -
1371 2536 1500 2608 περ.
1537 2537 1657 2593 JE.
1694 2566 1777 2593 -.

579 2663 626 2726 2
3009 2660 3168 2743 (600
3211 2659 3379 2742 iun.)

584 2762 1003 2851 Gregorius
1047 2762 1082 2826 I
1126 2762 1417 2828 Ecclesio
1464 2784 1566 2848 ep.
1613 2762 1906 2828 Clusino:
1968 2762 2263 2845 mandat,
2323 2769 2394 2826 ut
2438 2762 2519 2827 de
2564 2764 2696 2827 vita
2741 2763 3116 2848 actibusque
3162 2762 3466 2828 Iohannis

585 2868 769 2953 diac.,
818 2887 1008 2953 quem
1054 2866 1367 2952 gloriosus
1412 2867 1507 2931 vir
1549 2866 1813 2931 Ansfrid
1857 2888 1982 2931 una
2031 2887 2177 2931 cum
2206 2865 2671 2931 habitatoribus
2717 2864 2907 2932 castri
2936 2867 3250 2932 Balneum
3294 2869 3467 2953 regis
3531 2893 3540 2900 ·

587 2974 960 3059 episcopum
1009 2968 1432 3036 ordinandum
1478 2970 1775 3056 elegerit,
1829 2971 2156 3056 requirere
2203 2969 2459 3034 studeat
2504 2977 2596 3056 et,
2643 2972 2696 3034 si
2741 2971 2887 3036 talis
2931 2970 3142 3055 fuerit,
3190 2992 3337 3037 eum
3382 2971 3466 3037 ad

585 3099 655 3142 se
703 3076 964 3161 dirigat;
1027 3076 1080 3139 si
1143 3081 1330 3161 aptus
1374 3096 1501 3139 non
1547 3075 1772 3160 fuerit,
1826 3075 2022 3139 alium
2071 3075 2341 3161 eligant,
2396 3075 2560 3140 sicut
2602 3075 2908 3140 Ansfrido
2955 3076 3206 3160 scripsit
3249 3084 3342 3159 (n.
3374 3078 3464 3159 1).

584 3217 672 3229 —
716 3180 1048 3246 Gloriosus
1091 3179 1278 3244 filius.

791 3292 921 3362 Rey.
962 3289 1210 3361 Greyorii
1244 3292 1281 3345 1
1309 3289 1392 3347 lib.
1423 3289 1487 3344 X
1516 3306 1593 3359 ep.
1620 3296 1697 3346 13.
1750 3320 1814 3330 —-
1864 3289 2007 3344 Edd.
2048 3290 2105 3345 S.
2147 3289 2395 3360 Greqovii
2443 3290 2528 3345 M.
2567 3289 2700 3359 opp.
2749 3289 2827 3346 ed.
2866 3291 3055 3347 Maur.
3093 3291 3179 3346 zib.
3211 3290 3273 3344 X
3303 3306 3359 3344 n.
3384 3296 3468 3344 34.

590 3379 782 3434 Mami
808 3378 870 3432 X
895 3383 996 3431 229
1029 3392 1085 3431 n.
1109 3383 1192 3432 34.
1253 3377 1460 3430 Artemi
1487 3393 1545 3445 p.
1572 3384 1651 3431 10.
1712 3375 2029 3445 Oappemtti
2060 3375 2244 3432 V588.
2320 3376 2496 3447 Tmya
2520 3376 2677 3431 1484
2712 3393 2767 3430 οι.
2793 3383 2903 3433 227.
2958 3378 3143 3448 Miyne
3168 3375 3477 3432 LXXVII

587 3475 722 3523 1090
754 3482 809 3520 n.
834 3471 916 3521 34:
988 3464 1143 3517 Mon.
1189 3462 1363 3518 Germ.
1400 3462 1542 3532 EM).
1579 3462 1657 3516 II
1683 3471 1794 3518 247.
1832 3495 1898 3503 —
1936 3463 2096 3534 Reyy.
2133 3462 2186 3518 J.
2228 3470 2368 3519 1318.
2424 3462 2532 3517 JE.
2570 3470 2714 3519 1782.

965 3560 1052 3614 Ad
1087 3559 1318 3615 eandem
1351 3574 1468 3613 rem
1493 3556 1748 3629 Gregorii
1774 3558 1799 3611 1
1824 3556 2015 3613 aliam·
2034 3556 2333 3628 epistolam
2370 3557 2444 3612 ad
2464 3556 2774 3613 Ecclesium
2811 3574 2898 3628 ep.
2924 3557 3207 3613 Clusinum
3241 3557 3467 3612 missam

794 3647 951 3717 (Reg.
997 3646 1097 3702 lib.
1136 3646 1212 3700 XI
1249 3663 1336 3717 ep.
1370 3648 1421 3703 3.
1485 3645 1537 3700 J.
1576 3645 1725 3701 1330.
1777 3644 1875 3700 JE.
1916 3645 2071 3710 1793)
2114 3645 2415 3716 respicere,
2465 3645 2651 3715 'Px-oya
2687 3644 2711 3699 1
2747 3645 2852 3701 490
2894 3662 2949 3700 n.
2981 3644 3113 3710 232,
3160 3644 3468 3700 Hartmann

794 3733 1006 3804 aliique
1042 3735 1355 3801 autumant,
1391 3734 1488 3790 sed
1522 3751 1609 3790 res
1646 3733 1810 3789 valde
1845 3732 2062 3789 incerta
2096 3737 2200 3790 est.
