4055 6069
1319 445 1465 500 Mon.
1503 463 1573 501 ss.
1601 444 1860 501 Iohannis
1894 451 1955 502 et
1991 444 2154 501 Pauli
2189 445 2258 502 de
2295 444 2594 501 Casamari.
3272 453 3390 515 167

732 622 952 706 „Inter
1003 626 1224 686 vetera
1289 620 1732 707 nobilioraque
1787 620 2015 685 Italiae
2093 621 2404 686 coenobia
2468 622 2931 707 amplissimum
2996 623 3390 690 Casaemarii

512 729 969 793 monasterium
1036 748 1337 812 magnum
1407 732 1474 791 et
1538 726 1858 811 singulare
1924 724 2165 811 ubique
2231 727 2518 811 gentium
2585 725 2833 791 obtinet
2882 727 3178 793 nomen.“
3289 727 3391 793 Ita

514 829 859 896 Rondinini
903 833 970 895 in
1013 852 1128 895 sua
1171 831 1437 896 historia
1481 831 1934 916 prooemiatur.
2025 829 2233 895 Situm
2277 836 2375 895 est
2429 832 2494 895 in
2538 853 2696 918 agro
2740 831 3087 896 Verulano.
3156 831 3390 897 casae·

515 936 698 999 marii
758 935 1121 1019 dicebatur,
1191 936 1375 1021 quia,
1443 942 1513 1000 ut
1558 934 1827 1000 credunt
1870 936 2006 1019 alii,
2066 937 2132 999 in
2190 934 2332 1001 loco
2379 942 2772 1001 exstructum
2816 944 3014 1020 esset,
3080 937 3191 1002 ubi
3237 937 3388 1002 olim

515 1038 655 1105 caii
720 1041 908 1105 Marii
979 1041 1310 1125 Arpinatis
1380 1040 1606 1106 domus
1673 1045 1903 1123 staret,
1971 1039 2114 1123 alii,
2183 1042 2332 1125 quia
2399 1041 2552 1105 olim
2621 1041 2930 1125 templum
2995 1041 3220 1106 Martis
3287 1042 3389 1106 hic

514 1150 824 1229 surgeret.
893 1144 1035 1208 Illic
1066 1144 1376 1209 Verulani
1421 1144 1637 1209 clerici
1667 1144 1951 1209 nonnulli
1984 1145 2236 1208 circiter
2281 1166 2339 1209 a.
2378 1148 2539 1211 1036
2587 1144 2927 1209 ecclesiam
2973 1146 3037 1209 in
3081 1145 3388 1211 honorem

514 1268 593 1309 ss.
626 1245 932 1311 Iohannis
978 1255 1044 1312 et
1086 1246 1278 1312 Pauli
1323 1246 1743 1313 condiderunt
1787 1252 1853 1310 et
1896 1269 1935 1311 a
1973 1247 2260 1311 Iohanne
2306 1247 2541 1313 abbate
2572 1250 2944 1313 monasterii
2988 1272 3037 1314 s.
3068 1250 3390 1316 Dominici

512 1349 578 1412 in
623 1370 779 1434 agro
826 1349 1069 1415 Sorano
1115 1349 1405 1415 habitum
1449 1351 1777 1435 religionis
1823 1359 2240 1435 susceperunt
2283 1350 2625 1436 (Batonius
2670 1352 2753 1417 ad
2785 1372 2842 1415 a.
2883 1357 3044 1419 1030
3091 1375 3144 1419 c.
3184 1358 3260 1418 12
3307 1376 3390 1420 ex

513 1450 833 1516 chartario
890 1451 1436 1535 casaemariensi‚
1501 1451 1610 1517 ubi
1675 1459 1893 1517 tamen
1959 1474 2016 1516 a.
2060 1457 2221 1518 1005
2282 1452 2651 1536 legebatur;
2720 1455 2800 1520 cf.
2868 1455 3176 1521 Mabillon
3220 1458 3386 1522 Ann.

517 1554 651 1619 ord.
700 1577 748 1619 s.
782 1554 1118 1620 Benedicti
1148 1554 1174 1594 ²
1202 1555 1299 1619 IV
1331 1559 1449 1621 381
1503 1556 1584 1620 ad
1632 1578 1689 1620 a.
1731 1557 1941 1639 1036).
2004 1557 2224 1621 Primo
2272 1557 2393 1621 fuit
2431 1560 2885 1622 monasterium
2931 1560 3388 1625 monachorum

516 1658 651 1723 ord.
702 1682 750 1723 s.
783 1659 1150 1743 Benedicti,
1204 1666 1278 1724 ut
1321 1662 1516 1726 etiam
1563 1667 1834 1746 apparet
1888 1682 1972 1725 ex
2015 1660 2255 1726 calixti
2300 1661 2369 1723 II
2411 1662 2746 1746 privilegio
2793 1662 2880 1746 (n.
2915 1663 3003 1747 4).
3092 1664 3174 1727 A.
3227 1668 3382 1728 1151

513 1761 839 1847 Eugenius
869 1764 991 1848 111,
1039 1766 1149 1850 qui
1193 1764 1532 1830 ecclesiam
1566 1764 1888 1830 dedicavit
1916 1763 2006 1849 (n.
2041 1765 2129 1852 5),
2176 1766 2551 1830 institutioni
2583 1765 3097 1832 cisterciensium
3142 1767 3391 1833 addixit

514 1872 580 1930 et
645 1867 968 1952 magistris
1042 1889 1126 1932 ex
1193 1868 1694 1934 claraevallensi
1770 1870 1834 1933 in
1903 1868 2119 1934 Gallia
2185 1868 2601 1934 celeberrimo
2674 1874 3061 1937 monasterio
3128 1870 3391 1936 tradidit

512 1967 888 2054 (Rondinini
941 1993 1003 2056 p.
1039 1971 1170 2057 91).
1267 1971 1624 2037 Ecclesiam
1681 1974 1865 2037 novis
1927 1971 2284 2057 sumptibus
2328 1973 2746 2039 instauratam
2803 1996 2859 2039 a.
2901 1978 3060 2040 1217
3107 1981 3270 2058 sept.
3311 1979 3386 2039 15

512 2075 907 2139 consecravit
966 2074 1292 2140 Honorius
1337 2075 1441 2139 111
1498 2074 1763 2159 (chron.
1809 2074 2051 2140 Fossae
2119 2096 2322 2140 novae
2381 2097 2484 2160 ap.
2531 2077 2843 2142 Muratori
2896 2077 3029 2142 Scr.
3076 2078 3209 2143 VII
3263 2081 3387 2142 896

512 2177 646 2242 sive
690 2179 858 2242 Ann.
907 2177 1176 2243 Oeccan.
1224 2200 1324 2263 ap.
1372 2179 1545 2244 Mon.
1593 2177 1812 2243 Germ.
1860 2178 1992 2243 Scr.
2039 2178 2205 2243 XIX
2252 2181 2409 2257 3023
2463 2180 2618 2244 item
2672 2182 2737 2244 in
2782 2179 3100 2246 chartario
3146 2181 3385 2247 casae-

511 2281 811 2345 mariensi
890 2303 993 2366 ap.
1062 2282 1410 2347 Baronium
1476 2282 1560 2346 ad
1636 2303 1694 2347 a.
1755 2285 1918 2347 1030
1987 2304 2040 2346 c.
2095 2281 2207 2367 22)
2276 2284 2463 2369 eique
2532 2282 2994 2370 indulgentiam
3055 2287 3386 2369 concessit,

513 2404 705 2469 quam
771 2385 1005 2450 Amort
1057 2385 1226 2451 Hist.
1282 2386 1522 2472 indulg.
1578 2386 1621 2467 ΦΙ
1674 2391 1756 2451 45
1814 2385 1985 2450 male
2053 2385 2343 2451 Honorio
2389 2386 2458 2450 11
2521 2386 2827 2452 attribuit.
2933 2388 3390 2453 cistercienses

511 2485 601 2551 ibi
663 2497 1152 2572 permanserunt
1194 2510 1397 2575 usque
1446 2490 1535 2554 ad
1580 2489 1979 2554 Clementem
2024 2489 2156 2573 XI,
2226 2491 2335 2575 qui
2389 2511 2471 2554 ex
2522 2493 2909 2558 monasterio
2969 2492 3131 2557 Boni
3178 2492 3389 2557 solatii

510 2588 1002 2679 (Buonsolazzo)
1046 2593 1419 2658 Florentino
1465 2593 1814 2657 monachos
1858 2593 2207 2658 secundum
2253 2595 2713 2659 institutionem
2759 2596 3057 2681 Trappae
3101 2596 3389 2660 viventes

512 2695 781 2760 instituit
824 2695 933 2780 (cf.
966 2697 1383 2763 costituzioni
1429 2697 1599 2763 delle
1643 2696 1834 2762 badie
1881 2697 2054 2762 della
2079 2697 2342 2783 Trappa
2389 2697 2452 2763 di
2490 2699 2948 2764 Buonsollazzo
2995 2720 3032 2764 e
3079 2698 3144 2762 di
3189 2697 3387 2762 casa-

511 2800 691 2862 mari.
780 2798 1047 2866 Firenze
1100 2801 1311 2887 1718).
1405 2804 1462 2866 Α
1515 2802 1792 2867 Mar-tino
1832 2800 1893 2865 V
1937 2801 2219 2886 Prosper
2262 2802 2433 2867 card.
2481 2802 2769 2868 colonna
2828 2804 2896 2867 in
2940 2800 3387 2868 commendam

512 2904 830 2986 recepisse
883 2904 1167 2989 videtur,
1235 2925 1426 2990 quem
1481 2926 1537 2970 a.
1594 2909 1755 2971 1463
1823 2912 2146 2970 mortuum
2208 2906 2440 2971 iterum
2500 2906 2957 2971 cistercienses
3011 2906 3279 2971 abbates
3323 2905 3388 2968 in

511 3009 897 3074 monasterio
942 3007 1227 3095 regendo
1286 3010 1488 3074 secuti
1532 3015 1705 3092 sunt,
1764 3008 1971 3075 donec
2029 3009 2246 3075 Sixtus
2289 3010 2386 3075 IV
2448 3010 2773 3076 abbatiam
2833 3009 3044 3077 denuo
3101 3012 3165 3076 in
3210 3032 3387 3077 com-

511 3111 812 3176 mendam
857 3112 1037 3178 dedit
1080 3113 1330 3179 Iuliano
1376 3114 1547 3180 card.
1594 3114 1679 3178 de
1723 3115 1788 3180 la
1830 3115 2118 3200 Rovere,
2173 3117 2274 3180 cui
2319 3124 2762 3182 successerunt
2805 3116 3167 3182 Ludovicus
3212 3117 3384 3182 card.

512 3213 591 3278 de
652 3215 1012 3302 Aragonia,
1071 3217 1376 3283 Nicolaus
1429 3239 1469 3283 a
1526 3217 1929 3302 Schomburg
1980 3219 2318 3284 Misnensis
2375 3218 2653 3305 archiep.
2717 3220 3091 3305 capuanus,
3144 3220 3388 3285 Ennius

512 3325 577 3382 et
620 3318 936 3384 Antonius
979 3320 1407 3387 Philonardus
1451 3320 1762 3387 Verulani
1807 3343 1977 3407 epp.,
2022 3321 2302 3388 Michael
2333 3323 2639 3388 Bonellus
2684 3324 2855 3389 card.
2889 3322 3385 3409 Alexandrinus,

511 3420 725 3506 Scipio
773 3423 944 3488 card.
990 3424 1344 3509 Borghese,
1390 3424 1767 3491 Franciscus
1811 3425 1982 3490 card.
2029 3425 2386 3509 Barberini,
2433 3427 2752 3492 Iohannes
2792 3426 3168 3494 Franciscus
3213 3429 3383 3494 card.

509 3524 773 3609 Albani,
842 3529 950 3613 qui
1016 3528 1132 3594 sub
1198 3531 1455 3594 nomine
1511 3527 1860 3594 Clementis
1904 3528 2006 3594 XI
2068 3551 2239 3615 papa
2294 3531 2527 3615 factus,
2593 3531 2944 3596 Hannibali
2995 3534 3217 3617 nepoti
3271 3552 3385 3597 suo

510 3630 955 3695 commendam
1024 3634 1232 3697 cessit.
1344 3633 1446 3698 De
1516 3632 1659 3698 aliis
1729 3632 1809 3697 cs.
1873 3632 1975 3698 De
2041 3631 2281 3698 Persiis
2346 3656 2409 3718 p.
2457 3637 2594 3699 139.
2685 3634 3142 3699 Monasterium
3199 3635 3387 3700 floret

509 3731 718 3797 adhuc
764 3733 880 3798 sub
924 3736 1184 3821 proprio
1230 3735 1486 3802 abbate.

722 3941 1071 4008 Archivum
1135 3943 1527 4010 casaemarii
1606 3951 1777 4009 sorte
1853 3945 2008 4008 satis
2075 3946 2236 4009 tristi
2304 3943 2611 4009 afflictum
2681 3952 2797 4011 est.
2904 3945 3060 4011 Eius
3122 3946 3383 4012 chartae

510 4047 837 4133 dispersae
883 4055 1054 4113 sunt:
1110 4049 1367 4113 unicum
1415 4049 1868 4112 documentum
1914 4048 2161 4134 antiqui
2205 4050 2380 4126 aevi,
2444 4049 2616 4134 quod
2659 4048 2853 4114 hodie
2900 4049 3276 4115 adservatur
3319 4052 3381 4115 in

513 4150 769 4215 archivo
801 4149 1120 4234 abbatiae,
1166 4159 1264 4216 est
1304 4150 1657 4216 Alexandri
1690 4151 1793 4215 ΠΙ
1838 4152 2244 4236 privilegium
2276 4150 2364 4236 (n.
2398 4151 2495 4237 9);
2543 4151 2671 4216 alia
2700 4154 3104 4218 inveniuntur
3131 4155 3381 4219 Romae

511 4256 575 4318 in
620 4254 877 4319 archivo
925 4255 1208 4319 familiae
1262 4254 1579 4331 colonna;
1636 4254 1764 4319 alia
1815 4256 1880 4318 in
1932 4254 2325 4321 bibliotheca
2379 4255 2615 4321 Albani
2669 4256 3025 4322 exstabant.
3114 4258 3381 4323 Maximi

510 4349 817 4423 momenti
861 4364 1037 4423 certe
1083 4358 1550 4424 aestimandum
1598 4364 1737 4424 erat
1781 4358 2169 4423 chartarium
2199 4357 2378 4442 illud,
2424 4381 2465 4424 a
2487 4359 2809 4425 monacho
2840 4360 3128 4425 Iohanne
3160 4360 3378 4426 Iacobi

510 4460 591 4526 de
659 4461 818 4525 Uvis
872 4483 929 4526 a.
991 4465 1153 4527 1490
1221 4463 1681 4547 compositum,
1736 4461 1931 4527 hodie
2003 4482 2157 4528 vero
2220 4462 2376 4528 heu!
2439 4462 2862 4548 deperditum.
2964 4464 3115 4529 Fuit
3173 4464 3381 4529 codex

507 4563 1054 4646 membranaceus,
1088 4568 1190 4632 cui
1218 4567 1439 4632 titulus
1474 4564 1740 4648 „codex
1770 4566 2241 4650 prothocollum
2272 4573 2339 4632 et
2376 4568 2758 4653 registrum“
2795 4569 2911 4646 (ita
2941 4567 3042 4632 De
3073 4568 3380 4633 Mattheis

510 4666 748 4753 Saggio
794 4669 968 4735 istor.
1031 4670 1097 4735 di
1140 4670 1494 4736 Frosinone
1538 4692 1601 4755 p.
1646 4673 1727 4736 36
1772 4677 1905 4735 not.
1954 4669 2024 4755 3)
2080 4670 2213 4734 sive
2272 4670 2715 4755 „chartarium
2772 4669 3207 4736 Oasaemarii“
3265 4670 3377 4756 (cf.

506 4770 853 4837 Rondinini
896 4795 959 4858 p.
991 4773 1124 4838 XX
1155 4797 1249 4859 sq.
1298 4778 1399 4841 37.
1454 4777 1593 4838 125.
1648 4772 1816 4858 157),
1864 4774 1928 4836 in
1975 4794 2101 4858 quo
2148 4780 2397 4856 auctor,
2443 4775 2720 4859 primum
2766 4776 3139 4840 monasterii
3182 4777 3378 4840 initiis

509 4882 704 4960 atque
779 4878 1186 4944 incrementis
1262 4878 1603 4960 enarratis,
1690 4876 1905 4941 omnia
1982 4865 2321 4962 privilegia
2398 4876 2794 4948 libertatum.
2876 4880 3377 4963 exemptionum,

508 4980 921 5047 donationum
953 4983 1346 5068 pontificum,
1375 4983 1856 5067 imperatorum,
1902 5001 2148 5066 regum,
2179 4982 2535 5066 principum
2566 4987 2635 5047 et
2662 4980 2930 5045 aliarum
2961 5002 3378 5065 personarum

510 5096 640 5151 tam
702 5107 818 5170 pro
871 5088 1260 5152 monasterio
1314 5085 1708 5152 casaemarii
1775 5103 1968 5167 quam
2025 5106 2143 5169 pro
2200 5087 2588 5151 monasterio
2655 5107 2705 5148 s.
2748 5085 3068 5150 Dominici
3132 5085 3376 5152 Sorano

508 5188 785 5275 collegit.
876 5189 1116 5255 codice
1161 5190 1285 5255 hoc
1329 5190 1664 5273 Baronius,
1711 5188 1818 5272 qui
1865 5207 2012 5252 eum
2058 5189 2300 5254 invenit
2340 5211 2542 5276 penes
2585 5189 2970 5255 Michaelem
3015 5188 3356 5255 Bonellum
