4055 6069
716 414 797 478 32
913 430 918 435 '
2041 409 2282 468 Latium.

714 591 1118 676 baptismatis
1186 588 1269 653 ad
1340 587 1675 652 dexteram
1720 587 2173 673 ingredientia,
2241 586 2353 651 ubi
2410 587 2621 652 adhuc
2689 593 2919 653 exstat.
3027 590 3314 655 Maxima
3382 596 3600 655 autem

714 696 1074 760 litterarum
1144 715 1294 778 pars
1355 691 1596 756 ibidem
1660 692 1976 778 insculpta
2029 692 2248 777 procul
2307 691 2499 757 dubio
2560 693 2817 759 saeculo
2871 693 3008 758 XII
3064 694 3408 760 referenda
3477 702 3599 771 est;

715 800 983 884 reliqua,
1031 797 1180 861 alba
1212 804 1358 861 tunc
1391 796 1635 879 relicta,
1665 835 1749 843 -—
1779 796 2050 861 fortasse
2085 795 2258 881 quod
2287 796 2760 881 autographum
2805 799 2871 861 in
2892 797 3269 863 membrana
3297 800 3602 884 scriptum

714 902 976 967 lacunas
1031 907 1141 966 aut
1185 900 1500 965 foramina
1561 906 1672 964 aut
1733 899 1859 964 alia
1903 899 2269 964 huiusmodi
2315 899 2659 984 praeberet
2704 938 2787 951 -—
2831 908 3077 966 tantum
3123 923 3182 967 a.
3221 906 3383 967 1787
3431 902 3600 967 arbi-

716 1009 858 1092 trio,
906 1007 1234 1071 cuiusnam
1265 1006 1653 1090 ignoramus,
1699 1007 1879 1069 iuxta
1924 1007 2017 1069 rei
2051 1026 2306 1070 sensum
2352 1004 2607 1070 adiecta
2653 1011 2768 1070 est.
2843 1005 3056 1071 Notae
3104 1006 3299 1071 etiam
3331 1007 3600 1071 chrono-

714 1113 965 1195 logicae
1002 1111 1281 1195 „Datum
1311 1108 1550 1174 Albani
1581 1129 1682 1172 an.
1715 1106 2049 1172 MOVIIP‘
2098 1107 2180 1173 ab
2212 1107 2444 1173 eodem
2475 1114 2735 1173 auctore
2767 1107 3027 1174 additae
3060 1118 3223 1174 sunt.
3298 1109 3601 1175 Ceterum

715 1222 986 1299 textum,
1030 1216 1244 1300 prouti
1290 1220 1430 1278 erat
1474 1218 1622 1278 ante
1668 1234 1725 1281 a.
1766 1216 1948 1297 1787,
1995 1211 2336 1277 ediderunt
2371 1212 2610 1297 Riccy,
2639 1214 2748 1298 qui
2793 1234 2974 1278 suam
3019 1215 3217 1299 ipsius
3258 1214 3602 1280 lectionem

716 1320 960 1384 lacunis
1005 1317 1462 1383 substituendis
1508 1319 1706 1382 etiam
1749 1318 2117 1401 proposuit,
2176 1336 2305 1380 non
2360 1322 2577 1381 tamen
2637 1318 2906 1382 meliore
2961 1318 3218 1382 fortuna
3265 1339 3459 1403 quam
3503 1319 3600 1382 in-

717 1433 927 1489 certus
988 1424 1097 1487 ille
1153 1430 1404 1505 auctor,
1462 1421 1695 1487 deinde
1750 1420 1975 1486 Giorni
2021 1426 2089 1485 et
2130 1419 2368 1504 Nibby.
2459 1419 2647 1485 Circa
2693 1420 3058 1486 documenti
3103 1423 3441 1487 veritatem
3486 1445 3602 1487 nos

716 1529 961 1592 nullum
1018 1527 1280 1592 dubium
1326 1527 1673 1610 agitamus3
1720 1547 1823 1590 res
1869 1526 2041 1589 enim
2085 1525 2435 1588 narrationi
2491 1526 2556 1589 in
2594 1524 2747 1590 Vita
2802 1525 3136 1591 Paschalis
3174 1526 3245 1589 Π
3289 1528 3443 1592 satis
3501 1548 3601 1592 re-

717 1631 992 1716 spondet
1038 1629 1207 1714 (Lib.
1267 1629 1498 1714 pontif.
1545 1629 1645 1694 ed.
1695 1628 2041 1693 Duchesne
2099 1628 2167 1691 II
2230 1631 2387 1690 299:
2461 1627 2737 1712 „Albam
2808 1630 3353 1715 Maritimamque-
3406 1630 3602 1695 fidem

717 1737 1107 1800 servantium
1163 1735 1499 1798 hostilibus
1564 1732 2020 1818 irruptionibus
2092 1731 2550 1816 depopulatam
2601 1782 2614 1796 .
2652 1782 2665 1797 .
2714 1783 2727 1798 .
2835 1734 3046 1799 Albae
3112 1755 3264 1798 vero
3335 1733 3603 1797 domnus

616 1878 623 1885 ι
716 1861 889 1925 papa
935 1845 1114 1903 tanta
1161 1838 1502 1903 devotione
1551 1844 1882 1922 susceptus
1928 1842 2055 1919 est,
2117 1841 2368 1920 quanto⁴
2404 1835 2740 1900 desideriis
2787 1843 3225 1922 exspectatus;
3283 1845 3349 1902 et
3393 1836 3600 1901 soluto

718 1944 1040 2028 donativo,
1089 1943 1262 2027 quod
1306 1942 1662 2008 heredariis
1708 1940 2015 2005 militibus
2063 1939 2435 2023 debebatur,
2481 1940 2758 2005 Romam
2803 1940 3069 2027 venit“).

3457 2113 3488 2159 9

716 2120 1121 2286 {aschalis
1166 2221 1234 2284 II
1279 2220 1519 2305 populo
1566 2219 1830 2283 Albani:
1891 2218 2072 2284 iubet
2124 2225 2389 2304 propter
2447 2220 2647 2283 multa
2702 2217 2949 2301 flagitia
2993 2116 3322 2304 mulgeiloge
3345 2115 3602 2282 ega-thina

718 2325 960 2389 civibus
1004 2325 1204 2409 illata,
1250 2331 1321 2388 ut
1364 2326 1431 2387 in
1474 2330 1804 2409 posterum
1850 2324 2007 2388 nulli
2053 2325 2176 2388 civi
2228 2323 2466 2388 Albani
2527 2321 2829 2410 [vectigal
2885 2323 3147 2408 aliquod
3192 2319 3600 2407 imponatur}

720 2467 803 2476 —
849 2429 1165 2504 Quoniam
1213 2435 1451 2493 statuta
1497 2435 1773 2493 nostrae.
1869 2428 2042 2511 (Dat.
2089 2426 2325 2492 Albani
2372 2449 2430 2491 a.
2469 2428 2678 2512 1008.)

931 2539 1134 2592 Tabula
1168 2556 1466 2593 marmorea
1500 2540 1564 2593 in
1598 2539 1810 2593 ecclesia
1847 2538 2163 2593 cathedrali.
2208 2570 2266 2580 —
2292 2537 2441 2593 Edd.
2476 2538 2646 2608 Ricey
2672 2555 2731 2607 p.
2766 2545 2880 2593 198.
2946 2538 3145 2593 Giorm'
3170 2555 3229 2607 p.
3256 2544 3367 2593 232.
3429 2536 3490 2591 N
3489 2537 3606 2606 ibby

718 2626 935 2680 Amal-isi
973 2630 994 2660 ²
1031 2626 1072 2679 Ι
1099 2633 1179 2681 82.
1220 2658 1282 2667 -
1324 2626 1451 2696 Ray.
1488 2626 1603 2682 JL.
1641 2629 1678 2694 †
1714 2632 1848 2681 6203
1882 2616 2207 2681 ad‘a.11os.

1418 2902 1741 2969 Ecclesia
1785 2918 1843 2967 s·
1873 2900 2312 2985 Euphemiae
2358 2900 2433 2966 in
2477 2901 2613 2968 Via
2654 2898 2905 2985 Appia.

932 3061 1116 3126 Haec
1182 3061 1454 3125 ecclesia
1512 3082 1640 3124 non
1696 3060 1887 3147 longe
1944 3060 2024 3124 ab
2085 3060 2440 3125 Albanensi
2493 3060 2789 3145 civitate,
2834 3060 2900 3123 in
2946 3059 3349 3144 possessione
3395 3060 3604 3123 Lacus

722 3166 919 3230 Turni
965 3167 1088 3229 sita
1133 3164 1237 3247 (cf.
1284 3165 1674 3229 Tomassetti
1719 3166 1782 3228 in
1828 3164 2023 3229 Arch.
2073 3164 2244 3228 della
2291 3163 2433 3227 Soc.
2478 3163 2667 3228 Rom.
2702 3163 2772 3228 H
2809 3168 2925 3228 147
2976 3171 3042 3228 et
3071 3163 3414 3228 Duchesne
3460 3162 3602 3226 Lib.

720 3270 945 3354 pontif.
992 3268 1026 3331 I
1071 3273 1196 3333 200
1242 3275 1374 3333 not.
1415 3274 1567 3346 1044
1618 3272 1742 3334 348
1787 3276 1918 3333 not.
1954 3268 2043 3353 3),
2092 3275 2309 3332 erecta
2355 3267 2475 3332 fuit
2520 3289 2559 3332 a
2603 3267 2789 3332 Dono
2837 3266 2925 3351 (n.
2966 3269 3047 3353 1).

722 3459 800 3523 *1
3025 3505 3032 3512 .
3193 3461 3490 3521 676—78

719 3565 979 3629 Donus
1025 3564 1284 3629 dedicat
1329 3564 1672 3628 ecclesiam
1720 3585 1769 3628 s.
1803 3562 2119 3628 Eufimiae
2165 3585 2302 3647 pos.
2350 3564 2454 3627 via
2497 3563 2734 3647 Appia.
3160 3458 3197 3540 (
3485 3459 3520 3538 )

927 3675 1105 3731 Laud.
1129 3677 1191 3729 in
1212 3674 1339 3731 Vita
1364 3675 1519 3728 Doni
1553 3675 1696 3742 (Lib.
1716 3674 1918 3743 pontif.
1944 3673 2021 3729 cd.
2048 3674 2335 3728 Duchesne
2360 3673 2402 3727 I
2421 3680 2547 3732 348:
2588 3674 2882 3728 Mommsen
2897 3690 2958 3742 p.
2983 3674 3115 3742 192).
3141 3705 3206 3713 —-
3234 3672 3357 3743 Rcy.
3384 3673 3493 3728 JE.
3521 3704 3602 3726 —.

1555 3979 1822 4047 Domus
1868 3977 2260 4066 hospitalis
2306 3977 2391 4045 de
2439 3975 2770 4046 Cantaro.

935 4135 1037 4200 Ex
1081 4136 1418 4222 privilegio
1467 4127 1791 4200 Anastasii
1839 4136 1935 4201 IV
1979 4134 2069 4221 (n.
2105 4137 2173 4221 4)
2219 4136 2558 4221 colligitur,
2605 4136 2960 4200 Iohannem
3008 4135 3330 4219 Crassum,
3377 4136 3600 4218 civem,

718 4247 791 4304 ut
832 4245 1010 4325 puto,
1054 4239 1439 4325 Romanum,
1487 4239 1881 4324 temporibus
1926 4240 2234 4305 Celestini
2278 4240 2348 4303 II
2393 4242 2457 4303 in
2502 4239 2740 4304 allodio
2787 4238 2847 4303 b.
2881 4241 3059 4305 Petri
3105 4242 3169 4303 in
3213 4240 3317 4302 via
3349 4238 3604 4323 publica

721 4351 870 4409 ante
904 4342 1253 4407 Oantarum
1297 4345 1477 4409 iuxta
1507 4345 1832 4409 civitatem
1861 4343 2300 4408 Albanensem
2334 4344 2593 4408 domum
2623 4343 3008 4428 hospitalem
3055 4344 3138 4407 ad
3168 4344 3603 4428 receptionem

721 4468 1077 4531 pauperum
1123 4446 1550 4533 solatiumque
1610 4448 2094 4533 peregrinorum
2151 4448 2425 4532 propriis
2471 4448 2827 4532 sumptibus
2874 4449 3322 4512 construxisse.
3412 4445 3604 4510 Hunc

720 4552 1073 4615 Iohannem
1130 4550 1431 4616 Crassum
1487 4573 1615 4616 non
1661 4553 1914 4617 invenio
1967 4553 2034 4615 in
2088 4551 2486 4616 documentis
2529 4551 2858 4616 Romanis,
2950 4551 3164 4615 Etiam
3212 4550 3292 4615 de
3339 4551 3605 4614 historia

722 4655 949 4719 domus
993 4655 1181 4719 huius
1225 4655 1563 4740 hospitalis
1616 4656 1773 4720 nihil
1826 4677 2086 4740 prorsus
2139 4656 2390 4720 scimus.
2482 4654 2613 4719 Sed
2665 4676 2861 4740 quum
2915 4655 3241 4719 Anastasii
3286 4654 3383 4718 IV
3429 4652 3604 4716 bulla

722 4760 890 4823 circa
923 4779 1067 4823 eam
1100 4760 1164 4823 in
1195 4760 1511 4823 tabulario
1545 4758 1820 4824 Cavensi
1853 4764 2084 4842 exstet,
2121 4758 2628 4823 concludendum
2661 4781 2801 4823 esse
2835 4765 3117 4842 autumo,
3150 4758 3314 4823 hanc
3345 4758 3604 4822 domum

720 4862 1107 4947 hospitalem
1193 4866 1582 4929 monasterio
1665 4864 1939 4929 Cavensi
2019 4863 2374 4927 subiectam
2452 4864 2665 4928 fuisse.
2785 4865 2996 4928 Locus
3078 4864 3222 4947 ipse'
3293 4862 3605 4927 Cantarus

722 4967 996 5031 occurrit
1038 4968 1205 5031 inter
1235 4969 1671 5052 possessiones
1711 4969 2020 5033 ecclesiae
2068 4990 2116 5030 s.
2151 4967 2396 5031 Mariae
2442 4967 2900 5032 Transtiberim
2945 4969 3008 5030 in
3049 4966 3287 5032 calixti
3319 4966 3387 5029 11
3431 4965 3607 5029 bulla

723 5093 780 5135 a.
821 5073 981 5136 1123
1016 5073 1141 5135 iun.
1179 5076 1212 5135 7
1248 5071 1368 5136 JL.
1418 5076 1582 5137 7075
1631 5080 1697 5136 et
1726 5072 2032 5137 basilicae
2065 5095 2113 5136 s.
2139 5072 2385 5136 Mariae
2418 5071 2680 5136 Maioris
2726 5072 2805 5137 de
2837 5072 3011 5136 Urbe
3056 5073 3122 5134 in
3162 5071 3470 5136 Celestini
3501 5071 3607 5134 III

722 5173 1061 5259 privilegio
1111 5196 1167 5240 a.
1211 5178 1371 5240 1192
1417 5176 1545 5240 ian.
1578 5181 1615 5240 4
1662 5176 1782 5241 JL.
1822 5180 2062 5252 16797;
2108 5182 2501 5240 memoratur
2530 5197 2785 5260 quoque
2831 5177 2896 5239 in
2940 5175 3217 5239 Romani
3248 5175 3605 5260 presbyteri

2018 5383 2038 5416 l
