4055 6069
684 452 804 514 142
2006 445 2249 502 Latium.

679 625 719 685 9
2429 620 2636 687 Roma
2680 619 2744 687 S.
2778 619 2994 687 Pietro
3039 621 3208 685 1191
3248 625 3361 687 oct.
3390 622 3476 686 25

676 725 1120 791 Celestinus
1150 724 1255 788 III
1292 724 1549 810 P(etro)
1590 722 1854 812 Signia,
1900 724 2232 811 I(ohanni)
2262 726 2582 812 Anagnia.
2630 731 2697 791 et
2735 725 3129 811 B(ernardo)
3167 726 3559 793 Ferentinat.

677 850 852 916 epp.:
908 829 1204 914 mandat,
1261 836 1602 915 quatenus,
1659 831 1710 893 si
1767 832 1876 915 qui
1922 853 2006 896 ex
2052 852 2274 895 eorum
2320 831 2726 916 parochianis
2772 831 3119 896 claustrum
3164 854 3213 896 s.
3244 830 3426 896 Petri
3472 832 3554 896 de

674 933 848 998 Villa
891 955 1128 1020 magna
1166 934 1427 1019 violare,
1474 934 1778 999 animalia
1822 935 2281 1000 monachorum
2327 935 2670 1018 abducere,
2716 935 3008 1001 homines
3039 955 3292 1020 capere,
3338 935 3560 1000 villam

674 1058 819 1102 cum
864 1040 1001 1103 eius
1045 1038 1407 1103 hominibus
1453 1043 1519 1103 et
1562 1039 1942 1104 animalibus
1987 1040 2333 1106 molestare
2380 1048 2624 1106 temere
2672 1041 3215 1125 attempmverint,
3262 1060 3393 1119 eos,
3439 1041 3559 1104 nisi

674 1142 840 1207 infra
886 1141 1166 1207 triduum
1211 1143 1292 1208 de
1340 1143 1590 1206 damnis
1635 1149 1703 1207 et
1753 1145 1998 1208 iniuriis
2054 1144 2509 1228 satisfecerint,
2569 1144 2823 1230 publice
2883 1145 3559 1209 excommunicationis

674 1245 923 1310 vinculo
979 1248 1353 1332 astringant.
1413 1286 1497 1296 -
1552 1247 1714 1312 Cum
1770 1248 2139 1334 specialiter
2201 1251 2415 1314 simus.
2517 1249 2667 1315 Dat.
2722 1248 2974 1314 Romae
3032 1269 3136 1332 ap.
3194 1271 3245 1312 s.
3290 1249 3556 1313 Petrum

676 1353 713 1414 8
744 1348 876 1413 kal.
922 1371 1067 1415 noV.
1112 1357 1289 1436 pont.
1337 1373 1397 1415 n.
1446 1373 1503 1415 a.
1548 1357 1601 1415 1.

880 1460 927 1516 Ο
947 1478 1005 1532 p.
1032 1470 1136 1518 116.
1174 1495 1241 1503 —
1276 1462 1383 1517 Ed.
1420 1462 1689 1533 R‘luka.
1727 1464 1870 1518 Acta
1905 1464 2014 1519 HI
2042 1471 2151 1521 382
2185 1482 2240 1520 n.
2265 1470 2366 1520 443
2399 1481 2464 1519 ex
2503 1463 2558 1521 C.
2606 1494 2673 1504 —
2723 1463 2882 1535 Reqy.
2920 1461 3194 1535 Pfiuykfl.
3233 1463 3351 1519 Iter
3377 1481 3436 1532 p.
3460 1469 3558 1519 324

670 1565 725 1602 π.
755 1554 872 1604 928.
926 1549 1030 1604 JL.
1071 1557 1255 1607 16752.
1352 1576 1357 1583 ·
2693 1562 2700 1565 “

670 1706 753 1768 10
2698 1710 3023 1774 Laterano
3068 1710 3236 1772 1194
3277 1706 3397 1789 feb.
3432 1707 3470 1771 5

669 1810 1116 1876 Celestinus
1161 1812 1264 1876 III
1310 1812 1583 1878 Iohanni
1627 1813 1874 1878 abbati:
1934 1813 2229 1878 concedit
2282 1815 2686 1899 personalem
2732 1834 2916 1878 usum
2962 1814 3219 1897 mitrae,
3280 1819 3353 1876 ut
3405 1831 3550 1876 eam

669 1914 894 1980 diebus
939 1916 1354 1982 sollemnibus
1398 1917 1565 1982 infra
1609 1920 1943 1982 missarum
1992 1924 2060 1982 et
2114 1919 2592 2002 processionum
2653 1918 3150 1982 celebrationem
3209 1917 3275 1979 in
3327 1935 3550 1980 mona-

666 2022 860 2085 sterio
892 2022 1108 2085 valeat
1154 2020 1428 2086 deferre.
1469 2059 1543 2069 -—
1594 2021 1716 2085 His
1762 2043 1922 2108 quos
1951 2021 2265 2087 Romana.
2341 2021 2490 2086 Dat.
2537 2023 2681 2087 Lat.
2729 2044 2875 2087 non.
2923 2021 3052 2086 feb.
3098 2026 3273 2105 pont.
3306 2042 3365 2085 n.
3400 2041 3457 2084 a.
3492 2024 3549 2086 3.

875 2134 921 2187 0
943 2148 998 2200 p.
1027 2139 1112 2187 68.
1166 2163 1232 2171 -·
1278 2132 1384 2188 Ed.
1423 2132 1696 2201 Pfluqu.
1732 2133 1871 2187 Acta
1910 2133 2010 2187 ΠΙ
2042 2138 2146 2188 392
2179 2151 2233 2189 n.
2261 2139 2359 2188 463
2393 2149 2462 2188 ex
2498 2132 2553 2189 0.
2601 2163 2663 2173 —
2717 2133 2878 2203 Reqq.
2915 2130 3183 2202 Pfluka.
3227 2132 3341 2186 Iter
3365 2148 3424 2202 p.
3452 2137 3553 2186 329

664 2236 721 2274 n.
751 2226 857 2274 961.
913 2218 1028 2275 JL.
1067 2225 1243 2275 17073.
2383 2239 2389 2245 ’

1924 2410 2303 2495 Sgurgola.

1744 2530 2035 2600 (Castrum
2073 2532 2141 2586 de
2177 2530 2466 2599 Sculcula)

878 2670 1174 2735 Castrum
1233 2669 1597 2755 Sculculae‚
1654 2669 1848 2735 hodie
1905 2669 2253 2756 Sgurgola,
2309 2671 2481 2736 haud
2538 2671 2733 2755 longe
2796 2692 2835 2735 a
2891 2672 3147 2735 civitate
3208 2670 3546 2755 Anagnina

666 2773 774 2858 (cf.
822 2775 1119 2840 Marocco
1164 2775 1563 2840 Monumenti
1607 2774 1775 2839 VIII
1826 2779 1942 2838 154
1969 2774 2126 2860 sq.),
2183 2777 2457 2840 occurrit
2499 2776 2630 2839 iam
2675 2794 2842 2839 saec.
2883 2772 3019 2838 XII
3073 2775 3138 2839 in
3196 2773 3546 2858 privilegiis

665 2880 977 2944 ecclesiae
1032 2879 1433 2964 Anagninae.
1534 2876 1865 2963 Galganus
1921 2880 2186 2964 eiusque
2240 2879 2384 2962 filii,
2451 2878 2688 2944 milites
2749 2878 2937 2943 huius
2990 2878 3213 2956 castri,
3275 2899 3332 2942 a.
3383 2880 3543 2941 1159

660 2990 1197 3069 recognoverunt,
1254 2989 1529 3048 castrum
1585 2984 1825 3068 proprii
1870 2984 2023 3049 iuris
2069 2981 2128 3047 b.
2154 2983 2335 3049 Petri
2379 3004 2520 3048 esse
2565 2980 2656 3068 (n.
2697 2982 2777 3068 1).
2868 2981 2973 3046 Ab
3023 2980 3394 3046 Alexandro
3441 2979 3544 3043 ΠΙ

660 3086 1030 3152 conceditur
1082 3088 1325 3152 civitati
1366 3087 1704 3171 Anagniae
1762 3086 1847 3171 (n.
1884 3086 1971 3172 2).
2080 3086 2208 3151 Sed
2254 3085 2500 3151 familia
2545 3085 2820 3171 Galgani
2869 3086 2950 3150 de
2997 3083 3294 3150 Sculcula
3343 3086 3544 3170 viguit

661 3212 863 3275 usque
909 3190 994 3255 ad
1038 3212 1204 3256 saec.
1237 3189 1409 3254 XIII
1455 3189 1562 3274 (cf.
1610 3189 1862 3253 Nicolai
1909 3189 2006 3254 IV
2065 3191 2443 3275 rescriptum
2489 3212 2546 3254 a.
2597 3193 2759 3255 1288
2805 3191 2913 3254 iul.
2956 3193 3037 3254 26
3086 3188 3186 3253 ed.
3232 3186 3540 3273 Langlois

657 3295 787 3359 Les
832 3296 1136 3380 registres
1179 3294 1260 3360 de
1306 3294 1569 3359 Nicolas
1612 3293 1709 3358 IV
1752 3316 1815 3378 p.
1850 3297 1974 3359 958
2007 3316 2069 3358 n.
2105 3300 2293 3380 7097,
2339 3297 2404 3359 in
2450 3316 2574 3380 quo
2608 3299 3191 3359 commemorantur
3223 3290 3540 3356 Iordanus

659 3405 727 3463 et
770 3396 1188 3483 Gualguanus
1234 3398 1314 3463 de
1361 3396 1704 3483 Sculcula).

872 3570 1203 3637 Ecclesiae
1248 3571 1494 3635 rurales
1540 3594 1587 3635 s.
1621 3571 1808 3636 Pauli
1856 3576 1922 3635 et
1964 3592 2013 3634 s.
2049 3568 2359 3655 Stephani
2404 3571 2485 3636 de
2533 3568 2849 3654 Sculcula,
2894 3568 3277 3652 Anagninae
3310 3567 3535 3652 dioec.,

657 3673 956 3759 leguntur
983 3677 1049 3740 in
1079 3675 1140 3740 N
1144 3676 1332 3740 icolai
1362 3673 1459 3739 IV
1490 3674 1794 3740 mandato
1829 3697 1885 3740 a.
1927 3678 2090 3739 1290
2122 3673 2250 3739 feb.
2286 3678 2366 3739 23
2400 3672 2735 3761 (Langlois
2766 3671 2806 3737 l.
2841 3694 2893 3737 c.
2922 3695 2987 3758 p.
3029 3676 3188 3738 1012
3221 3694 3281 3736 n.
3319 3671 3533 3758 7369).

654 3850 696 3910 1
2657 3844 2965 3928 Syuryola
3007 3847 3175 3909 1159
3217 3843 3331 3909 iul.
3367 3845 3452 3907 13

652 3952 822 4016 Boso
869 3974 949 4017 ss.
983 3952 1258 4018 Cosmae
1315 3961 1382 4019 et
1425 3952 1725 4017 Damiani
1773 3952 1936 4017 diac.
1984 3951 2179 4035 card.,
2240 3950 2300 4015 d.
2346 3973 2454 4037 pp.
2512 3951 2919 4031 camerarius,
2973 3970 3099 4013 una
3147 3969 3291 4013 cum
3333 3948 3532 4012 Petro

649 4053 929 4120 Gaitano
963 4065 1030 4122 et
1050 4056 1334 4143 Rogerio
1365 4062 1601 4142 nepote
1626 4056 1931 4121 Iohannis
1954 4055 2340 4138 cancellarii,
2364 4054 2754 4120 subdiacono
2779 4061 2983 4139 apost.
3010 4052 3200 4134 sediS,
3232 4058 3299 4117 et
3320 4050 3531 4136 presb.

648 4158 931 4225 Rodulfo
978 4161 1357 4246 cappellano
1403 4160 1464 4225 d.
1495 4182 1605 4246 pp.
1653 4161 1942 4246 aliisque,
1990 4181 2074 4224 ex
2113 4159 2416 4224 mandato
2464 4166 2531 4223 et
2561 4158 2975 4243 dispositione
3020 4155 3392 4220 Hadriani
3437 4154 3533 4217 l'v

650 4269 717 4328 et
761 4264 1179 4329 cardinalium
1223 4266 1488 4329 veniens
1541 4264 1625 4329 ad
1670 4264 2062 4346 Sculculam,
2118 4285 2157 4328 a
2214 4262 2596 4348 Gualguano
2652 4263 2917 4346 eiusque
2968 4259 3116 4323 filiis
3161 4257 3421 4324 Simone
3467 4264 3534 4321 et

650 4365 1034 4434 Gottofredo
1082 4374 1149 4433 et
1192 4369 1273 4433 ab
1305 4368 1447 4433 aliis
1487 4366 1952 4435 habitatoribus
1981 4369 2180 4453 ipsius
2225 4369 2414 4432 castri
2446 4366 2792 4431 honorifice
2823 4369 3174 4449 susceptus,
3220 4360 3532 4446 praecipit

650 4470 943 4536 omnibus
987 4474 1048 4535 in
1096 4473 1237 4557 ipsa
1283 4473 1633 4537 munitione
1664 4472 2100 4537 habitantibus
2144 4474 2355 4536 iurare
2400 4470 2780 4536 fidelitatem
2828 4469 2888 4534 d.
2934 4488 3165 4553 papae.
3231 4464 3532 4550 Sequitur

649 4577 1094 4641 iuramentum.
1142 4613 1226 4622 —
1272 4573 1404 4641 Scr.
1451 4599 1514 4663 p.
1546 4598 1631 4642 m.
1677 4575 1943 4661 Rogerii
1989 4575 2272 4641 subdiac.

854 4686 1085 4741 Albinus
1136 4687 1224 4741 lib.
1263 4686 1365 4740 XI
1410 4704 1454 4743 c,
1489 4695 1566 4742 52.
1658 4686 1886 4741 Oeneius
1930 4693 2113 4741 c.120.
2165 4719 2231 4726 —
2286 4684 2433 4739 Edd.
2483 4685 2765 4738 Muraton·
2813 4684 2999 4753 Antiq.
3045 4682 3087 4736 Ι
3135 4690 3241 4736 141.
3325 4678 3529 4733 Fabre-

646 4773 931 4828 Duchesm
965 4774 1000 4827 1
1030 4781 1149 4828 400.
1186 4804 1253 4814 -
1293 4774 1428 4843 Ray.
1466 4774 1580 4831 JL.
1618 4806 1699 4831 —.

1023 4868 1280 4924 Castrum
1313 4869 1384 4925 de
1409 4869 1671 4925 Scnlcula
1704 4888 1880 4941 prope
1906 4872 2254 4926 Avezzannm
2290 4868 2347 4923 in
2382 4867 2665 4925 territorio
2698 4867 3004 4922 Marsorum
3040 4864 3210 4921 situm
3235 4863 3527 4919 Duchesne

849 4955 889 5010 l.
926 4973 972 5011 c.
1011 4955 1035 5009 Ι
1070 4957 1175 5013 400
1209 4960 1323 5012 not.
1352 4958 1378 5012 1
1418 4957 1679 5022 affimat,
1729 4956 1825 5013 sed
1862 4957 1912 5011 11
1955 4958 2054 5012 135
2087 4958 2256 5012 not.l
2307 4955 2516 5011 rectius
2562 4954 2635 5009 ad
2671 4953 2946 5026 Sgurgola
2998 4967 3175 5023 prope
3210 4948 3527 5020 Anagniam

846 5042 1034 5099 refert.
1120 5043 1294 5098 Aliud
1346 5043 1639 5098 castellum
1694 5042 1763 5099 de
1817 5042 2078 5098 Sculcula
2130 5043 2394 5099 exstabat
2445 5041 2580 5097 olim
2635 5041 2693 5095 in
2747 5038 3031 5096 territorio
3085 5036 3378 5092 Sabinensi
3434 5036 3525 5099 (cf.

852 5128 1052 5185 Chron.
1099 5128 1315 5186 Farfen.
1352 5128 1438 5185 ed.
1474 5128 1706 5185 Balzani
1744 5129 1797 5184 11
1837 5130 1937 5184 122
1989 5133 2049 5184 et
2101 5129 2237 5201 Reg.
2284 5127 2503 5184 Farfen.
2547 5127 2670 5182 edd.
2704 5126 2899 5198 Giorgi
2945 5142 2976 5180 e
3025 5124 3258 5179 Balzani
3295 5123 3376 5177 IV
3425 5123 3528 5178 222

848 5235 902 5271 n.
927 5217 1070 5286 821).
