4055 6069
407 214 461 301 1
506 212 927 304 16322

347 390 525 465 MA*
582 374 711 453 11
764 358 949 445 19ssss

445 508 715 607 DGE

384 644 711 781 fflfss

574 809 628 872 ’ὦ

1391 1705 2434 1835 PRAEFATIO.

1818 1946 2024 1956 ———

691 2096 779 2160 In
833 2095 945 2161 hoc
1000 2095 1309 2161 Italiae
1354 2097 1835 2182 pontificiae
1885 2098 2198 2166 volumine
2239 2100 2435 2167 altero
2478 2109 2626 2169 acta
2670 2106 3107 2173 Romanorum
3142 2113 3359 2192 ponti-

473 2238 669 2317 ficum
734 2240 883 2300 ante
946 2256 1006 2299 a.
1063 2235 1151 2300 M
1154 2235 1551 2302 CLXXXX
1562 2236 1741 2302 VIII
1806 2238 2051 2321 colleyi,
2123 2260 2287 2322 quae
2358 2242 2661 2308 dioeceses
2724 2246 3100 2326 respiciunt,
3161 2257 3363 2329 prout

474 2375 797 2457 sequitur:
854 2395 933 2439 ex
974 2374 1224 2439 sedibus
1265 2376 1730 2442 suburbicariis
1779 2376 2122 2444 Ostiensem
2137 2429 2154 2462 ‚
2199 2379 2609 2447 Portuensem
2653 2405 2796 2448 cum
2847 2385 3146 2451 Gaerensi
3187 2390 3359 2453 anti-

475 2534 599 2597 quo
660 2514 1050 2599 episcopatu,
1105 2513 1315 2580 Silvae
1367 2513 1718 2596 Gandidae,
1776 2516 2194 2583 Awanensem
2248 2540 2392 2584 cum
2435 2520 2847 2601 Antianensi,
2909 2522 3359 2610 Tusculanam,

479 2654 966 2720 Praenestinam
1030 2660 1089 2720 et
1154 2655 1600 2736 Sabinensem;
1663 2678 1742 2723 ex
1814 2656 2172 2740 Campania
2231 2658 2530 2724 Romana
2603 2660 3008 2726 Tiburtinam
3024 2712 3041 2740 ‚
3101 2662 3358 2729 Veliter-

478 2815 731 2859 nensem
760 2816 904 2860 cum
940 2794 1164 2859 Trium
1197 2794 1633 2861 Tabernarum
1662 2795 1812 2862 olim
1839 2798 2221 2882 episcopatu,
2272 2798 2782 2864 Terracinensem
2810 2820 2953 2864 cum
2985 2798 3361 2865 Privernate

480 2938 540 2997 et
583 2932 826 3012 Setino,
875 2933 1290 3016 Siyniensem‚
1335 2935 1750 3017 Anayninam
1793 2957 1936 3001 cum
1986 2936 2305 3016 Trevensi,
2349 2937 2840 3016 Ferentinatem,
2885 2937 3256 3004 Alatrinam
3302 2944 3361 3004 et

495 3071 915 3151 Verulanam,·
969 3093 1048 3138 ex
1107 3073 1345 3139 Tuscia
1391 3072 1687 3139 Romana
1731 3075 2118 3157 Nepesinam
2133 3125 2150 3159 ,
2196 3076 2550 3154 Sutrinam‚
2603 3075 2898 3143 Oivitatis
2947 3077 3362 3157 Castellanae,

481 3211 860 3292 Hortanam,
899 3211 1327 3292 Gallesanam,
1362 3213 1822 3279 Tuscanensem
1851 3236 1995 3280 cum
2017 3216 2476 3296 episcopatibus
2511 3215 3040 3295 Centumcellensi,
3072 3216 3362 3282 Bledano

480 3353 538 3414 et
605 3334 1006 3430 Viterbiensi,
1075 3350 1690 3434 Balneoreyiensem,
1764 3352 2158 3417 Castrensem
2235 3357 2296 3417 et
2373 3352 2825 3420 Urbevetanam
2889 3375 3031 3419 cum
3095 3357 3360 3438 antiquo

494 3489 876 3556 Volsiniensi
917 3492 1300 3575 episcopatu.
1385 3490 1682 3556 Volumen
1725 3491 2030 3572 inscripsi
2073 3490 2486 3570 „Latium“,
2531 3512 2919 3574 quamquam
2961 3514 3184 3558 nomen
3228 3494 3359 3570 hoc,

479 3629 715 3694 nostris
764 3629 985 3694 diebus
1040 3630 1107 3694 in
1151 3630 1415 3695 decretis
1447 3629 1727 3711 publicis
1754 3631 2149 3711 patrimonio
2203 3629 2348 3695 olim
2393 3631 2448 3696 b.
2480 3629 2662 3695 Petri
2705 3631 3098 3715 impositum,
3141 3634 3359 3697 varias

478 3769 760 3849 reqiones
802 3770 1104 3852 continet,
1160 3775 1235 3834 ut
1282 3769 1551 3834 Tusciae
1594 3770 1877 3835 civitates
1928 3768 2195 3851 aliquot,
2248 3790 2413 3851 quae
2463 3790 2795 3851 nunquam
2839 3771 3116 3835 Latinae
3153 3772 3359 3854 qentis

478 3908 676 3986 suere.
763 3907 1023 3974 Pariter
1078 3909 1238 3976 Urbs
1291 3914 1468 3974 vetus
1517 3909 1700 3974 hodie
1750 3909 1989 3991 reqioni
2061 3907 2351 3975 Umbriae
2394 3908 2800 3986 adscribitur,
2857 3929 3052 3990 quum
3095 3910 3353 3992 Aquae-

470 4047 805 4128 pendentis
846 4048 1164 4129 oppidum,
1209 4047 1358 4113 olim
1414 4046 1833 4114 Urbevetanae
1876 4047 2198 4125 dioecesis,
2265 4052 2325 4111 et
2389 4044 2813 4111 Volsiniorum
2856 4046 3007 4111 urbs
3021 4096 3037 4123 ,
3082 4047 3359 4111 ciusdem

480 4187 791 4266 dioecesis,
836 4188 926 4253 ad
967 4188 1023 4254 b.
1054 4186 1237 4251 Petri
1272 4187 1736 4268 patrimonium
1778 4186 1851 4250 in
1898 4186 2137 4251 Tuscia
2166 4185 2619 4267 pertinuerint.
2709 4183 3077 4249 Sabinensis
3117 4206 3360 4267 quoque

477 4328 772 4393 dioecesis
830 4348 996 4410 pars
1056 4325 1581 4408 septemtrionalis
1643 4324 1826 4391 hodie
1898 4325 2096 4390 eidem
2168 4324 2410 4407 reqioni
2488 4323 2780 4391 Umbriae
2847 4321 3119 4387 attribui
3185 4322 3355 4389 solet.

476 4466 592 4532 Me
654 4467 872 4548 itaque
935 4465 1315 4546 vituperent,
1389 4463 1558 4546 quod
1621 4462 1852 4528 titulus
1914 4462 2257 4528 voluminis
2327 4483 2466 4527 vere
2529 4483 2729 4544 neque
2792 4462 3098 4544 antiquae
3159 4484 3357 4546 neque

476 4605 815 4670 hodiernae
859 4603 1044 4667 Latii
1079 4604 1448 4684 provinciae
1490 4603 1897 4684 respondeat,·
1952 4602 2113 4667 mihi
2154 4622 2296 4668 vero
2350 4603 2423 4666 in
2480 4622 2660 4682 opere
2710 4601 2824 4666 hoc
2877 4622 3007 4666 non
3038 4601 3357 4683 politicae,

476 4746 587 4810 sed
634 4745 859 4828 potius
910 4743 1213 4809 historiae
1267 4741 1718 4808 ecclesiasticae
1776 4742 2135 4808 rationibus
2190 4742 2687 4823 dioecesiumque
2738 4740 2952 4806 ordini
3011 4741 3354 4807 insewien-

476 4884 629 4950 dum
669 4884 839 4964 suit!

700 5023 988 5090 Ceterum
1052 5023 1269 5101 habes,
1339 5021 1608 5088 candide
1663 5020 1868 5100 lector,
1935 5026 2083 5085 acta
2134 5040 2521 5085 summorum
2574 5018 2946 5100 pontificum
3004 5039 3178 5083 nurn.
3214 5021 3359 5097 677,

471 5186 744 5248 quorum
783 5133 915 5227 290
956 5164 1100 5249 ‚iam
1143 5162 1561 5227 inveniuntur
1620 5162 1690 5226 in
1735 5161 1992 5243 reyestis
2035 5158 2396 5240 Jaffeanis,·
2460 5159 2707 5240 inteyra
2749 5159 2896 5234 340,
2954 5156 3354 5239 autoyraplza

478 5313 691 5373 autem
734 5306 838 5370 72.
