4055 6069
734 471 755 529 1
774 467 853 529 72
1950 494 1955 499 ν
2046 458 2287 517 Latium.

727 638 1141 723 Campaniae,
1174 643 1240 701 et
1262 635 1623 701 Giffredum
1653 635 1935 701 subdiac.
1970 637 2275 721 episcopi,
2308 635 2391 701 ad
2420 636 2585 701 hanc
2606 635 2991 701 locationem
3014 642 3495 721 procuratorem
3523 686 3537 700 .
3567 685 3603 719 .,

724 743 974 808 Romae
1020 764 1124 826 ap.
1158 763 1205 804 s.
1238 741 1526 824 Petrum,
1572 741 1637 804 in
1682 740 1741 804 d.
1775 760 1984 825 papae
2031 740 2294 824 palatio,
2342 741 2683 805 constituta
2728 738 3027 805 mercede
3076 745 3113 804 4
3156 741 3300 805 den.
3332 739 3602 825 Papien.

1107 871 1157 908 v.
1184 851 1389 917 Veroli,
1426 852 1609 923 Episc.
1646 870 1702 907 n.
1728 852 1813 908 18.

727 976 766 1038 5
3043 977 3214 1039 1157
3254 975 3442 1058 april.
3475 979 3520 1040 s

725 1080 1089 1165 Adinulfus,
1134 1080 1303 1145 filius
1334 1080 1657 1165 quondam
1686 1080 1983 1145 Pandulfi
2032 1080 2113 1146 de
2145 1080 2424 1166 Aquino,
2471 1086 2796 1165 permutat
2836 1079 3248 1145 Hadriano
3292 1080 3393 1145 IV
3434 1081 3602 1145 eius-

728 1208 851 1271 que
909 1184 1378 1250 successoribus
1444 1184 1525 1249 ad
1579 1184 2043 1270 proprietatem
2109 1185 2175 1248 in
2240 1192 2651 1270 perpetuum,
2717 1184 3282 1249 intervenientibus
3348 1206 3462 1269 pro
3523 1206 3602 1250 co

723 1290 1161 1375 procuratorio
1214 1291 1472 1354 nomine
1516 1288 1813 1353 Rolando
1859 1290 1953 1353 tit.
2002 1311 2052 1353 s.
2084 1289 2287 1354 Marci
2331 1287 2395 1353 S.
2426 1288 2506 1354 R.
2539 1287 2612 1352 Ε.
2664 1288 3044 1353 cancellario
3092 1294 3159 1353 et
3203 1286 3457 1353 Ubaldo
3504 1291 3602 1354 tit.

724 1416 774 1456 s.
806 1393 1027 1459 Crucis
1072 1393 1282 1479 presb.
1330 1391 1523 1477 card.,
1571 1398 1819 1458 sextam
1867 1399 2119 1478 partem
2167 1392 2435 1457 duorum
2483 1399 2832 1457 castrorum
2879 1394 2944 1457 in
3001 1394 3144 1457 loco
3192 1413 3251 1478 q.
3286 1391 3346 1457 d.
3389 1393 3600 1457 Britti.

723 1497 851 1562 Pro
900 1519 1026 1583 qua
1072 1498 1301 1582 recipit
1343 1502 1594 1562 sextam
1638 1502 1889 1581 partem
1936 1497 2127 1561 castri
2172 1518 2233 1581 q.
2279 1517 2339 1558 V.
2385 1495 2571 1561 Mons
2616 1518 2663 1562 s.
2698 1495 3038 1566 Iohannis.

929 1626 1166 1680 Albinus
1208 1625 1291 1681 lib.
1333 1624 1434 1679 XI
1480 1642 1522 1680 c.
1557 1632 1637 1681 36.
1711 1623 1934 1679 Oeneius
1977 1632 2156 1680 c.107.
2205 1651 2268 1663 -—
2321 1622 2470 1679 Edd.
2506 1624 2790 1679 Muratori
2836 1623 3022 1694 Antiq,
3059 1624 3166 1678 111
3216 1632 3326 1680 797.
3397 1623 3602 1678 Fabrc-
3679 1649 3686 1669 ·

723 1713 1001 1768 Duchesne
1037 1713 1072 1768 1
1100 1719 1214 1768 391.
1252 1743 1320 1753 -
1356 1712 1486 1783 Ray.
1523 1712 1630 1768 JL.
1668 1743 1751 1767 -.

1103 1806 1170 1863 cf.
1207 1806 1431 1873 Sabina,
1465 1807 1656 1864 Monte
1693 1806 1951 1863 Libretti.

721 1932 1056 2099 {claudus
1099 2042 1304 2118 apost.
1352 2033 1523 2098 sedis
1569 2032 1988 2098 cancellarius
2033 2033 2127 2096 tit.
2171 2054 2219 2095 s.
2252 2032 2451 2097 Marci
2499 2030 2670 2095 card.
2718 2035 2784 2095 et
2820 1927 3599 2117 Πὴαῖἐιῖεὸἰίῐῗιῖἳιότίἐίε,

725 2144 1169 2223 procuratores
1213 2135 1601 2202 Hadriani
1644 2136 1760 2220 IV,
1809 2157 1893 2201 ex
1935 2136 2134 2221 ipsius
2163 2134 2466 2200 mandato
2507 2141 2574 2199 et
2602 2139 2971 2219 praecepto,
3017 2141 3385 2219 permutant
3425 2137 3600 2200 Lan-

726 2241 902 2307 dulfo
957 2240 1025 2326 (l.
1073 2240 1440 2327 Adinulfo),
1501 2241 1634 2306 filio
1692 2240 2014 2326 quondam
2072 2238 2370 2305 Pandulfi
2425 2239 2506 2303 de
2572 2238 2860 2324 Aquino,
2930 2239 3194 2324 eiusque
3253 2238 3600 2304 heredibus

721 2350 971 2410 sextam
1027 2351 1280 2430 partem
1324 2346 1514 2410 castri
1560 2367 1622 2430 q.
1654 2365 1713 2410 v.
1759 2344 1945 2409 Mons
1988 2366 2038 2407 s.
2069 2342 2392 2408 Iohannis.

925 2455 1159 2510 Albinus
1193 2455 1278 2510 Ζῶ.
1308 2454 1411 2509 XI
1436 2471 1478 2509 c.
1501 2460 1580 2510 37.
1643 2452 1866 2509 Gevwius
1901 2469 1945 2509 c.
1968 2459 2079 2509 108.
2116 2485 2183 2495 —-
2218 2452 2322 2508 Ea.
2363 2451 2849 2508 Faba-Dudum
2886 2452 2928 2507 I
2950 2459 3064 2509 392.
3104 2483 3171 2493 —
3210 2452 3343 2524 Req.
3377 2453 3487 2508 JL.
3515 2485 3598 2509 -.

720 2634 765 2695 7
2975 2626 3174 2712 (1157
3214 2627 3407 2710 april.
3437 2630 3510 2712 8)

719 2733 1074 2799 Rainaldus
1132 2735 1214 2800 de
1268 2734 1562 2818 Aquin0,
1628 2738 1969 2818 praesente
2040 2731 2104 2796 d.
2164 2731 2423 2817 Filippo
2483 2730 2817 2797 sacellario
2873 2738 3079 2816 apost.
3137 2731 3308 2797 sedis
3363 2732 3598 2816 iudice,

718 2843 1044 2921 permutat
1084 2836 1484 2902 Hadriano
1532 2836 1628 2900 Π
1673 2837 1937 2920 eiusque
1969 2834 2444 2901 successoribus
2489 2834 2573 2900 ad
2602 2836 3063 2920 proprietatem
3104 2835 3172 2899 in
3196 2841 3599 2921 perpetuum,

718 2942 1182 3007 interveniente
1249 2963 1364 3026 pro
1433 2963 1511 3007 eo
1578 2940 1898 3005 curatorio
1953 2940 2210 3004 nomine
2275 2938 2531 3005 Ubaldo
2593 2938 2803 3025 presb.
2861 2937 3032 3004 card.
3099 2940 3194 3003 tit.
3254 2961 3305 3003 s.
3355 2939 3598 3023 Crucis,

718 3045 1135 3111 medietatem
1168 3044 1439 3110 duorum
1469 3053 1822 3111 castrorum
1868 3047 1934 3108 in
1962 3044 2105 3110 loco
2139 3067 2199 3130 q.
2234 3044 2293 3108 d.
2326 3045 2535 3110 Britti.
2605 3045 2734 3109 Pro
2767 3066 2893 3129 qua
2923 3045 3153 3128 recipit
3181 3045 3598 3111 medietatem

719 3151 1036 3234 integram
1083 3151 1268 3214 unius
1315 3152 1503 3214 castri
1552 3172 1613 3235 q.
1659 3170 1718 3213 V.
1765 3148 1951 3214 Mons
1996 3171 2046 3213 s.
2079 3147 2401 3213 Iohannis.

917 3261 1151 3316 Albinus
1186 3261 1270 3315 lib.
1299 3260 1404 3315 XI
1427 3277 1471 3316 c.
1498 3268 1583 3317 39.
1646 3259 1874 3315 Oeneius
1911 3275 1954 3314 c.
1987 3267 2093 3315 110.
2132 3287 2198 3300 —-
2239 3258 2340 3314 Ed.
2386 3259 2862 3314 Fabro-Duchem
2889 3260 3056 3316 1393.
3095 3290 3162 3300 —-
3202 3259 3331 3330 1209.
3365 3259 3473 3315 JL.
3508 3291 3597 3315 -.

717 3439 760 3498 8
3005 3436 3176 3498 1157
3351 3435 3365 3448 “
3391 3488 3404 3500 .

718 3538 1010 3605 Ubaldus
1054 3535 1227 3604 card.
1276 3540 1370 3605 tit.
1418 3562 1466 3603 s.
1499 3538 1741 3622 Crucis,
1785 3543 2168 3623 procurator
2210 3536 2602 3602 Hadriani
2647 3536 2763 3621 IV,
2812 3559 2894 3603 ex
2939 3435 3137 3622 ipsius
3180 3433 3510 3603 gfridlati)
3532 3545 3600 3604 et

719 3648 1099 3728 praecepto,
1166 3645 1231 3707 in
1296 3643 1662 3729 praesentia
1713 3641 1979 3732 Filippi·
2011 3663 2061 3706 s.
2111 3640 2281 3706 sedis
2337 3648 2541 3725 apost.
2591 3641 2907 3706 sacellarii
2951 3640 3207 3727 iudicis,
3272 3648 3601 3727 permutat

719 3745 1039 3811 Rainaldo
1095 3745 1175 3811 de
1222 3747 1479 3832 Aquino
1527 3746 1790 3831 eiusque
1842 3744 2192 3810 heredibus
2247 3744 2664 3810 medietatem
2710 3746 2906 3810 totius
2949 3747 3140 3811 castri
3204 3768 3265 3832 q.
3307 3767 3366 3810 V.
3411 3746 3599 3811 Mons

720 3871 768 3913 s.
802 3849 1123 3915 Iohannis.
2869 3894 2878 3898 >

922 3961 1150 4016 Albinus
1186 3962 1271 4017 lib.
1301 3961 1397 4016 X1
1428 3977 1472 4016 c.
1496 3966 1579 4016 38.
1661 3959 1890 4015 Oeneius
1922 3975 1964 4014 c.
1992 3967 2093 4015 109
2133 3965 2183 4013 et
2218 3974 2262 4014 c.
2290 3966 2410 4015 346.
2458 3988 2524 3999 -
2569 3957 2678 4014 Ed.
2715 3958 2923 4014 Fabra-
2937 3960 3223 4016 Duchcsne
3260 3961 3301 4015 I
3322 3967 3439 4017 392.
3479 3969 3597 4018 587.

720 4077 788 4088 -
824 4046 953 4116 Ray.
990 4046 1108 4103 JL.
1152 4076 1235 4102 -.

718 4188 760 4249 9
2971 4184 3176 4268 (1157
3217 4185 3405 4267 april.
3436 4189 3509 4270 8)

716 4289 1073 4356 Landulfus
1119 4296 1186 4355 et
1227 4289 1474 4374 Lando,
1519 4290 1810 4377 germani
1856 4288 2107 4374 fratres,
2153 4289 2266 4354 filii
2308 4287 2633 4376 quondam
2664 4288 2961 4354 Pandulfi
3008 4289 3090 4353 de
3122 4290 3401 4376 Aquino,
3448 4312 3594 4375 per-

719 4400 969 4459 mutant
1010 4392 1409 4459 Hadriano
1456 4392 1553 4459 IV
1598 4394 1861 4478 eiusque
1906 4392 2379 4458 successoribus
2438 4393 2522 4457 ad
2574 4394 3037 4478 proprietatem
3083 4394 3149 4456 in
3191 4401 3598 4480 perpetuum,

716 4499 1181 4563 interveniente
1224 4518 1343 4581 pro
1390 4518 1468 4562 eo
1515 4497 1952 4581 procuratorio
1997 4497 2254 4562 nomine
2307 4496 2565 4562 Ubaldo
2621 4496 2833 4581 presb.
2895 4495 3065 4560 card.
3129 4497 3222 4560 tit.
3271 4519 3320 4561 s.
3353 4497 3598 4580 Crucis,

719 4602 878 4667 duas
931 4607 1150 4686 partes
1205 4600 1572 4665 medietatis
1625 4598 1894 4664 duorum
1942 4606 2296 4665 castrorum
2356 4602 2422 4664 in
2476 4600 2619 4664 loco
2667 4621 2727 4684 q.
2776 4598 2835 4664 d.
2884 4599 3095 4663 Britti.
3177 4601 3306 4665 Pro
3368 4601 3599 4688 quibus

718 4705 1033 4790 recipiunt
1075 4703 1234 4769 duas
1276 4709 1493 4787 partes
1537 4702 1904 4768 medietatis
1948 4705 2133 4768 unius
2177 4704 2370 4768 castri
2416 4725 2476 4789 q.
2524 4723 2583 4768 v,
2628 4702 2815 4767 Mons
2861 4724 2910 4767 s.
2946 4701 3271 4768 Iohannis.

924 4831 1160 4887 Albinus
1194 4831 1281 4887 lib.
1311 4830 1415 4885 XI
1441 4846 1484 4885 c.
1510 4839 1595 4887 40.
1654 4830 1879 4886 Oeneius
1911 4846 1952 4885 c.
1982 4840 2085 4886 111.
2126 4862 2185 4872 —
2227 4829 2335 4886 Ed.
2364 4827 2855 4885 Faba-Ducum
2890 4829 3057 4884 1394.
3094 4860 3163 4871 ·—
3199 4829 3333 4901 Ray.
3369 4831 3486 4889 JL.
3511 4862 3598 4888 -.

716 5009 818 5176 ἐξ
883 5116 1229 5195 praecepto
1277 5110 1685 5195 (Hadriani
1732 5109 1857 5195 IV)
1900 5109 2256 5176 Rainaldus
2324 5130 2539 5174 comcs
2584 5109 2823 5194 Aquini
2870 5115 2936 5173 et
2977 5006 3366 5193 Ialaffdsiili'iliz
3397 5007 3599 5175 lgius

716 5214 1034 5297 Pandulfi,
1079 5215 1268 5280 iurati
1311 5216 1721 5299 promittunt,
1774 5234 1842 5278 se
1901 5212 2006 5279 die
2065 5236 2105 5277 a
2151 5213 2212 5278 d.
2257 5232 2431 5299 papa
2474 5219 2715 5278 statuto
2763 5213 2847 5277 ad
2891 5212 3196 5278 iustitiam
3240 5214 3445 5278 Leoni
3491 5235 3596 5300 ep.
