4055 6069
735 449 852 509 120
2055 442 2297 499 Latium.

731 623 811 681 11
3124 617 3526 701 (1159-81)

729 723 1186 787 Alexander
1230 722 1336 786 III
1403 722 1720 787 nobilibus
1783 724 1934 787 viris
2002 723 2052 787 Ι.
2094 723 2506 808 Fraiapanis‚
2563 723 2635 787 C.
2700 728 2765 786 et
2810 724 2914 787 L.:
2980 730 3228 805 monet,
3298 728 3615 807 quatenus

729 827 956 891 balivis
1011 849 1260 909 eorum,
1324 829 1432 911 qui
1489 827 1874 891 Terracinae
1933 834 2290 909 morantur,
2350 827 2743 892 districtione
2804 825 3147 911 prohibere
3217 833 3469 910 curent,
3532 848 3613 892 ne

730 931 1084 1017 quemlibet
1129 932 1429 995 clericum
1489 953 1704 995 coram
1763 953 1831 996 se
1889 931 2145 996 trahere
2200 938 2613 1015 praesumant
2665 932 2729 994 in
2777 951 2998 1014 causa,
3059 930 3174 995 sed
3219 932 3488 995 clericos
3532 930 3612 994 ab

729 1038 1031 1120 episcopo
1079 1057 1192 1099 suo
1240 1035 1566 1099 conveniri
1613 1042 1679 1099 et
1723 1034 1990 1099 iudicari
2038 1037 2428 1119 permittant.

1105 1165 1156 1201 v.
1195 1145 1385 1211 Roma,
1425 1145 1570 1200 Gens
1607 1145 1925 1216 Fraiapana
1960 1165 2014 1200 n.
2048 1147 2126 1202 15.

728 1251 853 1315 *12
3132 1252 3524 1335 (1159—81)

731 1356 1224 1419 Terracinenses
1282 1342 1498 1420 coram
1545 1356 2000 1421 Alexandro
2049 1357 2153 1420 III
2214 1356 2510 1441 querelas
2557 1364 2779 1421 contra
2826 1357 3220 1439 Fraiapanes
3266 1364 3612 1441 exponunt.

937 1466 1109 1520 Laud.
1146 1474 1206 1519 ut
1241 1484 1409 1535 supra
1443 1484 1499 1520 n.
1528 1478 1576 1522 8.
1618 1497 1680 1506 —-
1719 1467 1847 1535 Περ.
1884 1466 1992 1522 JL.
2033 1498 2114 1520 —-.

734 1571 857 1634 *13
2835 1571 3083 1635 Velletri
3126 1573 3528 1655 (1184-85)

729 1676 806 1739 In
849 1679 1214 1760 praesentia
1275 1676 1548 1741 Gerardi
1593 1679 1812 1741 vicarii
1877 1678 2129 1762 (Lucii
2176 1675 2316 1761 ΙΙΙ)
2377 1682 2444 1741 et
2500 1676 2727 1740 [acinti
2791 1674 3037 1761 [Iacobi
3091 1675 3248 1762 cod]
3315 1683 3381 1741 et
3436 1678 3613 1741 Petri

731 1781 812 1844 de
867 1780 1048 1844 Bono
1120 1780 1289 1845 card.
1360 1781 1529 1865 apud
1587 1782 1910 1847 Velletras
1979 1781 2245 1866 querela
2312 1781 2867 1844 Terracinensium
2935 1786 3156 1844 contra
3222 1780 3615 1865 Fraiapanes

731 1885 957 1969 agitur.

936 1996 1120 2051 Laud.
1155 1997 1219 2048 in
1265 1997 1299 2049 '1
1303 1997 1725 2052 &wastinensium
1759 1998 1926 2051 libello
1962 1999 2205 2066 querula,
2241 2014 2395 2065 quem
2436 1995 2716 2051 Cantatori
2752 2014 2813 2064 p.
2837 2003 2901 2050 52
2954 1995 3089 2047 male
3133 1994 3295 2048 edidit
3306 2010 3327 2061 ;
3377 1996 3616 2049 omittens

727 2083 860 2136 haec
893 2098 1030 2150 quac
1065 2099 1130 2135 esc
1171 2082 1446 2136 Cantatori
1480 2084 1767 2151 exemplari
1801 2085 1862 2136 in
1897 2083 2039 2137 arch.
2065 2082 2183 2138 Vat.
2221 2082 2498 2137 adservato
2529 2099 2589 2150 p.
2614 2091 2675 2137 55
2709 2081 2967 2150 supplevi.
3010 2110 3076 2119 —
3115 2081 3250 2149 Ray.
3287 2082 3399 2138 JL.
3437 2112 3519 2135 -.

730 2237 855 2301 *14
3156 2238 3497 2301 1188-91

733 2339 1225 2404 'terracinenses
1272 2337 1675 2405 Clementi
1722 2337 1825 2403 III
1869 2340 2243 2423 gravamina
2289 2348 2510 2403 contra
2555 2340 2948 2425 Fraiapanes
2997 2238 3344 2426 exponunt.
3492 2240 3523 2320 )

939 2449 1120 2504 Laud.
1157 2456 1217 2505 ut
1250 2467 1422 2520 supra
1455 2467 1509 2505 n.
1541 2456 1620 2506 13.
1658 2482 1724 2491 -—
1763 2450 1891 2520 Rey.
1929 2450 2035 2505 JL.
2073 2481 2154 2502 —-.

1804 2726 2254 2795 Crescentms
2301 2744 2561 2795 comes.

944 2884 1218 2949 Videtur
1261 2886 1456 2950 fuisse
1503 2885 1674 2950 idem
1720 2907 1794 2949 ac
1843 2884 2250 2950 crescentius
2298 2886 2448 2968 dux,
2496 2887 2676 2949 cuius
2718 2886 2834 2950 filii
2879 2887 3015 2952 Leo
3063 2894 3130 2951 et
3172 2888 3433 2953 Ildicius
3464 2909 3615 2953 con-

731 2989 901 3054 sules
946 2989 1375 3074 Pipernenses
1421 3011 1478 3054 a.
1519 2993 1678 3056 1027
1728 3012 1776 3055 e.
1811 2989 2162 3055 Salvatoris
2209 2992 2274 3055 in
2318 2991 2543 3056 Mileto
2592 2993 3046 3056 monasterium
3095 2992 3533 3058 condiderunt.

731 3163 808 3226 *1
3202 3168 3500 3231 985-88

737 3266 1158 3354 [Iohannes
1203 3264 1350 3354 XV]
1399 3268 1695 3333 concedit
1741 3269 2112 3334 Crescentio
2162 3270 2379 3333 comiti
2425 3271 2862 3353 possessiones
2907 3270 2972 3333 in
3020 3167 3337 3335 terrilorio
3385 3171 3615 3336 Tegra-

735 3372 993 3437 cinensi.

940 3483 1119 3539 Laud.
1157 3485 1218 3538 in
1254 3484 1538 3539 &amutii
1571 3485 1771 3539 comitis
1806 3487 2057 3540 chartula
2091 3485 2401 3540 donationis
2434 3503 2486 3540 α.
2516 3493 2612 3541 991
2648 3487 2761 3541 ian.
2794 3494 2833 3551 7,
2879 3502 2989 3554 qua
3038 3484 3240 3539 easdem
3268 3487 3621 3554 possessiones

731 3570 1006 3638 quomodo
1049 3569 1104 3626 ei
1147 3575 1452 3627 evenerunt
1501 3588 1603 3641 pro
1649 3575 1951 3642 praecepto
1999 3571 2313 3641 pontificali
2357 3572 2681 3627 monasterio
2725 3588 2768 3628 s.
2807 3572 3041 3627 Silviani
3102 3572 3444 3628 Terracinam
3496 3589 3620 3627 con-

730 3657 964 3725 firmavit
999 3657 1099 3726 (od.
1139 3656 1420 3712 Gontatori
1446 3675 1504 3726 p.
1532 3664 1653 3721 327,·
1689 3659 1761 3723 cf.
1801 3658 2018 3712 Nicolai
2051 3675 2104 3727 p.
2127 3667 2220 3714 109
2253 3658 2327 3712 ad
2359 3676 2412 3713 a.
2442 3661 2586 3728 989).
2627 3690 2689 3699 -
2732 3658 2862 3728 ch.
2899 3659 3014 3715 JL.
3052 3689 3134 3712 ———.

1114 3753 1179 3807 In
1217 3753 1532 3809 inventario
1567 3770 1617 3808 a.
1647 3755 1774 3809 1781
1817 3753 1852 3807 f.
1878 3752 1982 3809 313
2019 3755 2109 3821 (ex
2146 3754 2278 3809 fasc.
2305 3754 2357 3807 H
2381 3773 2434 3809 n.
2461 3755 2515 3823 2)
2555 3753 2766 3826 legitur
2790 3753 2955 3825 copia
2979 3755 3298 3810 donationis
3324 3756 3396 3810 ab
3423 3756 3618 3812 eodem

943 3838 1259 3895 Crescentio
1296 3838 1500 3895 comite
1536 3839 1871 3909 quibusdam
1908 3840 2401 3897 Terracinensibus
2436 3858 2484 3896 a.
2513 3841 2615 3896 988
2650 3860 2774 3897 nov.
2806 3843 2865 3898 11
2906 3842 3108 3907 factae,
3146 3841 3245 3898 ubi
3280 3848 3620 3898 memoratur

948 3929 1340 3996 „praeceptum
1387 3925 1728 3996 pontificalis
1773 3930 1944 3996 atque
1989 3927 2414 3997 imperatorum,
2471 3928 2529 3982 in
2574 3928 2777 3997 quibus
2821 3927 2962 3984 mihi
3012 3928 3260 3999 pertinet
3305 3928 3482 3985 civita
3526 3931 3617 3986 vel

944 4010 1237 4080 provincia
1279 4011 1405 4082 ipsa
1451 4012 1895 4069 Terracinense‘.
1975 4013 2062 4067 Ad
2109 4014 2292 4084 ipsum
2332 4014 2594 4069 Iohannis
2631 4014 2736 4068 XV
2773 4014 3135 4086 privilegium
3171 4015 3228 4070 id
3266 4015 3617 4071 referendum

943 4113 1061 4151 esse
1097 4096 1452 4154 manifestum
1490 4104 1745 4170 apparet.

1840 4306 2208 4374 naiferms
2254 4325 2515 4376 comes.

953 4444 1141 4510 Hunc
1214 4445 1572 4511 Daiferium
1651 4449 1952 4511 comitem
2030 4469 2175 4512 eum
2254 4469 2425 4531 esse,
2502 4470 2693 4533 quem
2771 4451 3072 4514 comitem
3141 4450 3617 4515 Traiectensem

737 4548 1055 4631 (Ymetto)
1100 4555 1167 4614 et
1209 4550 1406 4614 filium
1456 4549 1752 4636 Gregorii
1799 4553 2050 4615 comitis
2096 4552 2290 4616 fuisse
2338 4557 2605 4635 constat,
2651 4552 2753 4616 De
2798 4553 2861 4616 la
2892 4552 3252 4618 Blanchere
3299 4560 3365 4617 et
3394 4552 3622 4639 Giorgi

738 4659 983 4737 putant.
1072 4653 1268 4717 Aliud
1324 4660 1538 4719 autem
1585 4652 2040 4719 documentum
2086 4676 2143 4718 a.
2184 4659 2335 4721 1001
2392 4655 2730 4739 habemus‚
2798 4657 2901 4720 cui
2943 4655 3288 4721 Daoferius
3334 4658 3618 4721 eminen-

739 4757 1017 4820 tissimus
1049 4757 1266 4821 consul
1315 4764 1380 4822 et
1419 4757 1549 4821 dux
1587 4764 1653 4822 et
1691 4779 1907 4823 comes
1937 4759 2323 4824 Terracinae
2356 4758 2728 4844 subscripsit
2767 4761 2963 4844 (laud.
2999 4782 3038 4825 a
3066 4760 3319 4825 Nicolai
3348 4783 3409 4845 p.
3450 4760 3619 4845 109),

742 4863 919 4925 cuius
966 4863 1150 4947 copia
1196 4867 1410 4926 exstat
1453 4863 1518 4925 in
1563 4864 1917 4927 inventario
1952 4885 2008 4927 a.
2051 4867 2199 4928 1781
2258 4886 2320 4948 p.
2358 4868 2480 4928 325
2528 4861 2641 4948 (ex
2679 4864 2831 4928 fasc.
2865 4862 2933 4927 H
2976 4886 3036 4927 n.
3064 4863 3151 4949 5),
3198 4864 3305 4927 ubi
3347 4865 3621 4951 legimus

746 4966 1208 5050 „conquisitum
1262 4964 1330 5050 (a
1374 4965 1713 5051 Daoferio)
1758 4989 1875 5051 per
1919 4968 2301 5052 pontificalis
2357 4968 2837 5053 praeceptum“‚
2896 4967 3067 5052 quod
3124 4967 3381 5052 quidem
3429 4989 3618 5055 prae-

742 5075 996 5155 ceptum
1042 5077 1141 5135 est
1180 5069 1351 5156 quod
1397 5072 1700 5156 sequitur.
2444 5121 2448 5123 ἡ

949 5208 1005 5262 Β
1053 5231 1118 5254 =
1156 5206 1292 5279 Cop.
1328 5206 1630 5264 Terracina
1665 5208 1831 5264 Arch.
1867 5206 2194 5277 capitolare.
