4055 6069
699 506 781 569 26
2004 508 2245 565 Latium.

699 678 1039 745 Iohannes.
1104 680 1236 745 Scr.
1284 702 1324 745 a
1369 679 1652 768 Georgio
1699 683 1883 748 scrin.
1932 683 1995 749 S.
2029 684 2108 749 R.
2142 684 2216 749 E.
2287 683 2539 749 Subscr.
2597 688 2670 750 19
2718 706 2842 769 ep.,
2890 684 3059 749 card.
3105 684 3363 771 aliique.
3432 685 3579 749 Dat.

705 786 780 847 19
824 783 956 848 kal.
1004 786 1127 848 ian.
1175 807 1236 868 p.
1270 807 1354 850 m.
1402 787 1673 851 Bosonis
1719 809 1818 871 ep.
1869 810 1916 851 s.
1965 787 2296 873 Tyburtin.
2345 788 2500 854 eccl.
2549 796 2615 855 et
2659 789 2808 853 bibl.
2858 812 2905 852 s.
2955 796 3161 872 apost.
3209 789 3398 854 sedis.

905 894 1101 948 Inscrt.
1139 894 1313 948 bullae
1361 894 1606 964 Greyorii
1642 896 1740 949 IX
1771 913 1823 951 α.
1859 902 1982 951 1236
2014 902 2143 963 sept.
2171 904 2263 950 24.-
2301 898 2355 950 Β
2383 898 2426 961 Γ.
2452 901 2578 952 253’.
2648 898 2725 967 [0
2753 900 2796 965 Γ.
2825 907 2930 955 187.
3011 901 3068 955 D
3101 901 3144 967 Γ.
3173 909 3273 956 151.
3337 901 3398 954 Ε
3424 900 3466 966 Γ.
3507 908 3582 955 51.

699 981 765 1035 L.
799 981 887 1034 M*
920 982 965 1048 Γ.
994 985 1109 1036 156’
1146 982 1284 1037 Eme.
1344 982 1405 1037 N
1437 983 1480 1048 Γ.
1511 989 1570 1038 13
1605 983 1795 1054 EaecJ.
1849 1015 1916 1023 —
1970 983 2114 1037 Edd.
2169 983 2372 1052 Uyhezu
2411 986 2430 1018 ¹
2460 985 2501 1038 I
2526 995 2618 1041 114
2653 1002 2721 1040 ex
2754 988 2833 1053 Β,·
2877 990 2898 1021 ⁸
2924 988 2960 1041 1
2991 995 3056 1043 98
3091 1012 3156 1034 =
3196 988 3387 1042 Mansi
3426 987 3586 1041 XIX

698 1074 814 1136 487,
850 1091 914 1114 =
951 1069 1138 1137 Miqow
1175 1068 1376 1123 CXLI
1405 1076 1526 1124 1132
1560 1087 1613 1124 n.
1642 1078 1691 1125 5.
1760 1070 1978 1125 Marini
2020 1071 2163 1140 Pap.
2201 1071 2334 1140 dipl.
2371 1089 2429 1141 p.
2461 1080 2517 1127 71
2551 1089 2607 1128 n.
2633 1082 2698 1129 45
2729 1090 2794 1128 ex
2833 1075 2896 1128 Β.
2946 1105 3012 1114 —
3063 1074 3220 1146 Rcyy.
3258 1076 3484 1146 Λαύνας]
3517 1074 3592 1128 II

697 1159 799 1208 598
832 1171 887 1209 π.
911 1162 1055 1211 3564.
1109 1155 1162 1211 J.
1202 1163 1350 1212 3098.
1384 1156 1494 1212 JL.
1531 1165 1681 1213 4075.

698 1314 742 1374 3
2853 1321 3025 1385 1026
3068 1322 3195 1387 dec.
3230 1324 3314 1385 17
3355 1321 3499 1403 (31)

699 1415 1099 1483 Iohannes
1141 1419 1308 1485 XIX
1353 1422 1550 1486 Petro
1597 1444 1699 1507 ep.
1749 1429 1898 1487 etc.:
1947 1423 2283 1487 confirmat
2327 1424 2767 1507 episcopatum
2816 1446 2959 1490 cum
2991 1426 3285 1490 omnibus
3330 1448 3581 1511 posses-

701 1519 1016 1605 sionibus,
1083 1522 1294 1588 fundis
1363 1532 1428 1590 et
1491 1526 1820 1611 plebibus,
1895 1529 2274 1591 nominatim
2345 1527 2676 1593 illustratis
2743 1536 2809 1594 et
2875 1531 3172 1595 concedit
3244 1529 3582 1596 ecclesiam

702 1646 782 1687 ss,
825 1625 1096 1692 Rufinae
1166 1635 1233 1693 et
1287 1628 1621 1696 Secundae
1680 1632 1859 1696 iuxta
1917 1633 2229 1717 palatium
2289 1632 2676 1698 Lateranen.
2742 1642 2809 1698 et
2869 1635 3206 1699 ecclesiam
3255 1658 3303 1699 s.
3337 1635 3582 1699 Mariae

702 1728 819 1812 (an
848 1729 1163 1797 Martinae
1180 1732 1237 1817 ἲ)
1284 1734 1349 1798 in
1378 1739 1595 1800 monte
1643 1757 1703 1820 q.
1751 1735 1811 1798 d.
1845 1738 2176 1821 Augustus
2214 1735 2382 1800 infra
2412 1737 2738 1801 civitatem
2768 1737 3151 1820 Romanam,
3198 1740 3585 1803 monasteria

702 1835 981 1920 quinque
1027 1837 1207 1900 iuxta
1237 1838 1576 1903 ecclesiam
1622 1862 1670 1904 s.
1704 1839 1883 1904 Petri
1916 1860 2303 1925 omnemque
2334 1842 2880 1906 consecrationem
2925 1844 2990 1905 in
3020 1842 3294 1907 ecclesia
3325 1865 3372 1905 s.
3406 1841 3585 1907 Petri

702 1944 816 2002 aut
875 1941 942 2003 in
1009 1943 1241 2005 ceteris
1308 1942 1595 2008 ecclesiis
1662 1946 1726 2007 in
1795 1950 1931 2009 tota
1994 1944 2252 2009 civitate
2295 1946 2683 2029 'Leoniana,
2751 1952 3229 2029 paterentatum
3297 1945 3584 2012 eiusdem

705 2043 1018 2109 ecclesiae
1078 2068 1125 2108 s.
1177 2044 1359 2111 Petri
1422 2053 1489 2112 et
1545 2070 1802 2113 suorum
1857 2049 2393 2113 monasteriorum
2456 2055 2523 2113 et
2584 2057 2812 2114 cuncta
2874 2048 3308 2115 ecclesiastica
3351 2050 3587 2114 iudicia

701 2147 984 2230 ipsorum
1031 2170 1144 2213 seu
1189 2152 1384 2215 totius
1428 2154 1703 2217 civitatis
1748 2153 2154 2237 Leonianae,
2211 2154 2486 2237 primum
2540 2154 2751 2217 locum
2797 2155 2861 2217 in
2907 2154 3205 2239 ungendo
3253 2161 3319 2219 et
3363 2176 3585 2219 conse-

703 2251 940 2316 crando
972 2252 1429 2337 imperatorem
1462 2262 1529 2320 et
1560 2264 1787 2321 cuncta
1818 2277 2001 2322 sacra
2034 2257 2247 2321 officia
2278 2278 2392 2321 seu
2424 2258 2730 2340 misteria,
2778 2259 2832 2320 si
2863 2256 3155 2341 pontifex
3183 2258 3586 2343 aegritudine

701 2354 806 2419 vel
849 2356 1067 2441 aliqua
1113 2378 1265 2422 cura
1308 2360 1653 2443 impeditus
1699 2361 1914 2426 facere
1960 2383 2087 2426 non
2119 2362 2390 2446 poterit;
2440 2360 2735 2425 concedit
2764 2361 3104 2425 ecclesiam
3136 2384 3216 2426 ss.
3248 2361 3589 2426 Adalberti

703 2464 770 2523 et
830 2459 1083 2524 Paulini
1151 2463 1216 2526 in
1280 2464 1486 2529 insula
1545 2466 1882 2550 Licaonia,
1950 2474 2020 2530 ut
2088 2469 2171 2530 sit
2230 2466 2599 2550 episcopale
2665 2464 3057 2529 domicilium
3117 2473 3184 2531 et
3236 2486 3587 2551 congruum

703 2564 1198 2648 receptaculum.
1246 2603 1326 2614 —
1375 2568 1691 2634 Convenit
1749 2570 2104 2655 apostolico
2166 2569 2609 2635 moderamini.
2702 2568 2834 2633 Sor.
2881 2591 2944 2653 p.
2990 2590 3074 2634 m.
3136 2570 3400 2653 Georgii
3457 2578 3586 2635 not.

703 2686 837 2750 reg.
886 2674 1081 2753 atque
1127 2672 1312 2735 scrin.
1360 2671 1423 2736 S.
1473 2673 1553 2737 R.
1585 2673 1682 2757 E,
1729 2676 1794 2738 in
1836 2695 1920 2738 m.
1970 2674 2108 2739 dec.
2156 2681 2224 2740 et
2274 2673 2404 2737 ind.
2453 2696 2531 2739 ss.
2583 2678 2677 2737 10.
2771 2672 3022 2738 Subscr.
3072 2676 3154 2739 20
3201 2674 3371 2739 card.
3439 2676 3586 2740 Dat.

711 2774 787 2835 16
832 2770 963 2836 kal.
1024 2774 1150 2837 ian.
1204 2797 1264 2859 p.
1307 2797 1391 2840 m.
1440 2776 1712 2841 Bosonis
1758 2799 1859 2862 ep.
1918 2800 1965 2842 s.
2011 2777 2322 2842 Tiburtin.
2380 2778 2538 2842 eccl.
2602 2783 2669 2842 et
2721 2776 2873 2841 bibl.
2922 2800 2971 2841 s.
3018 2784 3223 2861 apost.
3272 2777 3462 2842 sedis.
3509 2817 3591 2824 -

703 2873 852 2938 Dat.
913 2877 951 2938 2
998 2877 1129 2941 kal.
1187 2880 1312 2943 ian.
1367 2902 1429 2964 p.
1488 2902 1572 2945 m.
1641 2882 1979 2947 Benedicti
2026 2904 2126 2967 ep.
2176 2882 2481 2947 Portuen.
2548 2887 2616 2946 et
2673 2883 2811 2947 vice
2865 2879 3205 2967 Peregrini
3261 2881 3588 2946 Colonien.

705 2977 1007 3065 archiep,
1054 2981 1205 3048 bibl.
1255 3007 1301 3049 s.
1335 2992 1542 3070 apost.
1575 2985 1766 3072 sedis,
1813 3007 1871 3051 a.
1904 2992 2081 3071 pont.
2116 2985 2175 3052 d.
2209 3009 2269 3051 n.
2317 2985 2624 3051 Iohannis
2663 3008 2743 3050 ss,
2778 2991 2955 3071 pont.
2990 2991 3056 3051 et
3084 2986 3253 3051 univ,
3285 2984 3454 3051 XIX
3483 3006 3590 3071 pp.

706 3084 771 3146 in
818 3106 976 3149 sacr.
1025 3086 1181 3153 sede
1225 3087 1286 3152 b.
1320 3089 1499 3155 Petri
1545 3097 1750 3175 apost.
1786 3095 1845 3174 3,
1891 3112 1976 3155 m.
2024 3090 2187 3176 dec.,
2233 3090 2362 3155 ind.
2416 3096 2511 3156 10.

931 3197 1125 3252 Insert.
1161 3199 1335 3254 bullae
1365 3201 1609 3270 Grcyom'i
1632 3201 1731 3256 IX
1761 3220 1813 3257 α.
1842 3210 1969 3257 1236
2001 3208 2129 3271 sept.
2167 3208 2259 3256 24:
2314 3202 2369 3255 Β
2396 3202 2440 3268 Γ.
2465 3204 2591 3255 241¹.
2654 3201 2736 3271 [G
2750 3201 2794 3267 Γ.
2823 3204 2945 3256 113¹.
3002 3201 3062 3255 D
3093 3201 3138 3267 Γ.
3163 3203 3291 3255 173¹.
3366 3199 3426 3253 E
3453 3200 3496 3266 Γ.
3524 3208 3595 3254 11.

717 3280 770 3334 G
800 3282 842 3348 Γ.
867 3289 952 3338 23.
1007 3284 1094 3338 Ηι
1128 3286 1172 3352 Γ.
1199 3295 1248 3342 4.
1313 3287 1400 3341 11²
1432 3289 1476 3354 Γ.
1505 3291 1570 3343 3’.
1638 3289 1745 3355 ΙΓ.
1774 3296 1885 3344 147.
1948 3289 2017 3344 L.
2043 3289 2135 3344 Μ’
2169 3289 2210 3355 Γ.
2239 3296 2331 3345 156
2368 3287 2508 3342 Exc.
2564 3288 2695 3354 ΝΓ.
2724 3289 2840 3358 11‘J.
2878 3319 2945 3328 —-
2981 3286 3127 3342 Edd.
3176 3286 3376 3356 Uyhelli
3400 3289 3420 3322 ¹
3446 3288 3599 3342 1108

713 3384 781 3423 ex
815 3370 900 3438 B;
928 3373 1104 3428 ²193
1137 3397 1205 3420 =
1242 3375 1389 3429 Ball.
1421 3376 1573 3431 Rom,
1612 3374 1694 3431 ed.
1722 3376 2065 3444 Conquaines
2093 3375 2243 3431 1334
2278 3392 2334 3430 n.
2361 3385 2388 3429 1
2425 3399 2490 3422 =
2527 3375 2668 3429 Ball.
2707 3375 2857 3430 Rom.
2895 3373 2974 3430 ed.
3009 3374 3173 3427 Taur.
3199 3373 3348 3429 1635
3378 3388 3434 3427 n.
3461 3382 3504 3440 1,
3532 3396 3597 3418 =

709 3457 932 3513 Mordti
984 3459 1148 3515 Ritus
1200 3460 1375 3515 dandi
1421 3479 1481 3531 p.
1518 3469 1581 3516 66
1633 3463 1788 3531 Ecce„
1827 3485 1893 3509 --·-
1930 3462 2120 3532 Μέθης
2173 3461 2374 3518 CXLI
2417 3469 2538 3517 1125
2583 3479 2637 3515 n.
2675 3470 2725 3528 4,
2763 3484 2829 3507 =
2867 3459 3167 3515 Himohius
3218 3459 3600 3513 Kirohemoeht

714 3545 754 3598 Ι
778 3552 882 3601 330
916 3552 1029 3601 not.
1064 3555 1098 3603 3
1137 3570 1201 3594 =
1246 3547 1481 3602 Galam
1514 3549 1714 3603 Fontes
1747 3549 1888 3603 iuris
1923 3566 2044 3603 can.
2079 3566 2134 3617 p.
2164 3556 2280 3603 459.
2354 3548 2627 3602 Mabillon
2662 3548 2810 3601 Mus.
2847 3547 2963 3601 ital.
2990 3547 3068 3600 II
3093 3555 3185 3601 154
3219 3561 3285 3599 ex
3320 3546 3385 3599 Β.
3454 3545 3596 3598 Bau.

729 3632 845 3688 Vae.
885 3634 925 3687 Ι
952 3642 1014 3688 17
1054 3650 1121 3688 ex
1156 3635 1211 3690 Β
1244 3658 1308 3680 --·
1346 3636 1646 3689 Martorelli
1680 3634 1857 3690 Stoi-ia
1894 3635 1977 3690 dcl
2008 3635 2147 3689 clero
2186 3635 2445 3689 Vaticano
2473 3642 2636 3704 1292.
2708 3634 2926 3688 Marini
2949 3633 3089 3702 Pap.
3125 3632 3255 3701 dipl.
3273 3648 3329 3698 p.
3361 3639 3421 3687 73
3454 3648 3510 3685 n.
3536 3639 3601 3686 46

710 3734 750 3771 x
786 3720 841 3772 Β
891 3742 955 3763 =
1005 3721 1213 3806 Urlichs
1252 3721 1377 3778 Coei.
1413 3722 1563 3777 urbis
1602 3723 1806 3777 Romae
1841 3729 2044 3792 topoqr.
2075 3739 2133 3791 p.
2179 3728 2281 3777 204
2315 3722 2453 3777 Exc.
2509 3751 2572 3761 -
2629 3722 2791 3792 12299.
2833 3724 3059 3790 Autray
3093 3720 3168 3773 ΙΙ
3204 3728 3308 3775 590
3348 3736 3403 3772 n.
3448 3728 3598 3775 3549.

706 3806 767 3861 J.
793 3812 946 3862 3099.
1001 3808 1112 3863 JL.
1150 3816 1297 3864 4076.

1084 3903 1152 3958 cf.
1190 3904 1384 3970 Roma,
1420 3904 1570 3960 Eccl.
1606 3923 1648 3960 s.
1674 3904 1828 3960 Petri
1866 3905 1925 3960 in
1962 3904 2239 3960 Vaticano
2276 3923 2329 3959 n.
2359 3905 2438 3959 18.

704 4025 785 4086 *4
3135 4027 3477 4088 1033—37

705 4130 1185 4195 Benedictus
1229 4130 1328 4196 lx
1386 4134 1644 4197 investit
1688 4132 1953 4197 Petrum
2012 4153 2113 4216 ep.
2161 4153 2278 4217 per
2322 4131 2745 4197 Benedictum
2793 4027 3286 4195 oblationa(rium
3335 4128 3415 4194 de
3464 4026 3593 4195 ἴθι·-

706 4255 905 4298 ranea
950 4233 1163 4314 domo,
1212 4235 1320 4299 ubi
1367 4235 1667 4302 offitiales
1698 4235 2212 4320 commanebant,
2259 4257 2402 4301 cum
2450 4235 2742 4301 omnibus
2787 4237 2916 4299 suis
2961 4234 3393 4319 pertinentiis,
3457 4255 3593 4317 pos.

709 4335 1012 4403 Galeriae
1059 4359 1243 4403 secus
1288 4340 1626 4405 ecclesiam
1671 4340 1730 4404 b.
1766 4340 2087 4404 Nicholai.

914 4448 1095 4504 Laud.
1133 4449 1196 4502 in
1229 4466 1285 4503 n.
1310 4459 1357 4505 5.
1394 4483 1461 4492 -
1502 4450 1640 4521 Ray.
1676 4450 1792 4507 JL.
1830 4480 1914 4506 —.

709 4569 748 4632 5
3159 4572 3328 4634 1037
3369 4588 3505 4634 nov.

707 4675 1211 4742 Benedictus
1255 4676 1354 4742 lx
1398 4676 1597 4742 Petro
1630 4699 1765 4763 ep.:
1813 4678 2049 4762 repetit
2092 4676 2396 4740 Iohannis
2425 4675 2591 4740 XIX
2635 4675 3038 4760 privilegium
3073 4682 3164 4757 (n.
3197 4678 3289 4758 3),
3336 4679 3591 4738 auctum

710 4780 852 4844 aliis
896 4781 1405 4865 possessionibus
1451 4788 1517 4846 et
1559 4782 1819 4866 iuribus,
1869 4787 1936 4846 et
1980 4788 2219 4865 censet,
2265 4803 2394 4844 non
2439 4780 2644 4844 solum
2690 4779 2981 4862 Petrum,
3027 4779 3144 4844 sed
3190 4799 3412 4843 omnes
3457 4778 3593 4841 eius

709 4907 1109 4952 successores
1155 4908 1201 4951 s.
1236 4885 1407 4950 sedis
1438 4893 1641 4970 apost.
1683 4885 2207 4950 bibliothecarios
2237 4906 2378 4950 esse
2409 4890 2744 4968 perpetuo.
2782 4920 2858 4929 —
2893 4883 3210 4949 Convenit
3239 4881 3591 4966 apostolico

709 4991 1187 5056 moderamini·
1259 4988 1391 5054 Ser.
1454 5012 1517 5074 p.
1581 5011 1665 5054 m.
1736 4989 1944 5073 Sergii
2007 4990 2192 5053 scrin.
2252 4995 2319 5053 et
2371 4994 2502 5052 not.
2550 5010 2599 5050 s.
2646 4987 2805 5072 pal.,
2864 5008 2948 5051 m.
3009 5007 3191 5067 nov.,
3238 4983 3366 5049 ind.
3415 5007 3497 5048 ss.
3531 4989 3589 5050 6.

711 5094 962 5160 Subscr.
1000 5097 1035 5157 7
1085 5095 1390 5178 episcopi,
1437 5092 1794 5158 cardinales
1839 5092 2098 5177 aliique.

920 5206 1111 5261 lmen.
1150 5205 1320 5259 bullae
1368 5203 1615 5272 Greyorii
1652 5203 1749 5257 rx
1780 5220 1832 5257 a.
1874 5209 2008 5256 1236
2056 5219 2179 5270 any.
2211 5207 2268 5255 2.·
2323 5201 2381 5254 Β
2408 5201 2452 5267 f.
2477 5208 2596 5256 248.
2652 5200 2733 5270 [0
2760 5200 2804 5266 f-
2830 5209 2940 5256 155.
2998 5200 3057 5254 D
3089 5199 3131 5265 f·
3158 5205 3274 5254 202.
3334 5199 3395 5253 E
3421 5199 3466 5265 t·-
3490 5202 3591 5253 33¹.

716 5291 777 5356 F
806 5310 859 5371 p.
882 5302 963 5351 54.
1024 5292 1099 5349 Κ.
1136 5293 1230 5346 Μ’
1262 5292 1306 5366 f.
1332 5298 1427 5348 137
1458 5291 1600 5351 Eme.
1655 5289 1719 5345 N
1747 5291 1791 5359 f.
1818 5299 1880 5345 14
1915 5288 2098 5360 EmJ.
2137 5318 2204 5328 —-
2239 5286 2384 5343 Edd.
2432 5287 2643 5361 Uqhelli
2679 5288 2698 5321 ¹
2727 5286 2872 5342 1116
2904 5302 2969 5342 ex
2993 5288 3072 5351 B,-
3108 5289 3130 5320 ²
3155 5286 3195 5340 Ι
3223 5292 3325 5341 100
3352 5307 3416 5332 =
3442 5286 3590 5340 Βαιι.
