4055 6069
1700 1396 2593 1516 ALBANO

1791 1593 2224 1678 (Albanum.
2280 1594 2506 1680 Alba)

918 1908 1069 1962 Dom.
1092 1906 1128 1961 J
1142 1904 1473 1961 acovacci
1499 1904 1701 1960 Istoria
1725 1904 1777 1959 d’
1806 1905 2040 1970 Albano,
2066 1903 2219 1960 della
2243 1903 2452 1969 Riccia,
2491 1904 2549 1960 di
2577 1903 2756 1971 Nemi,
2783 1904 3040 1960 Genzano
3066 1908 3188 1971 etc,
3225 1923 3324 1959 ms.
3349 1923 3390 1959 s.
3415 1904 3591 1970 XVII,

707 1996 851 2048 teste
887 1992 1039 2048 Jozzi
1082 2012 1137 2063 p.
1178 1995 1246 2061 7).
1301 2023 1368 2033 —
1420 1994 1577 2048 Dom.
1621 1991 1812 2048 Dotti
1868 1992 2019 2049 Serio
2057 1993 2141 2047 de'
2180 1993 2405 2047 vescovi
2459 1992 2515 2047 di
2562 1993 2803 2056 Albano,
2849 2010 2948 2046 ms.
2986 2011 3027 2046 s.
3054 1992 3213 2046 XVII
3251 1991 3383 2046 olim
3420 2009 3592 2061 penes

708 2079 858 2134 card.
898 2079 1183 2149 Garampi,
1219 2082 1366 2136 test-e
1392 2078 1586 2133 Lucidi
1612 2097 1667 2149 p.
1693 2080 1765 2147 5).
1790 2109 1857 2119 --
1895 2078 2181 2150 Ughelli
2225 2082 2241 2112 ¹
2267 2079 2292 2132 Ι
2318 2079 2420 2135 285
2445 2097 2551 2148 sq.;
2592 2081 2613 2111 ²
2649 2079 2672 2133 I
2698 2081 2800 2134 247
2819 2098 2900 2147 sq.
2926 2110 2990 2121 —
3019 2079 3264 2133 Piazza
3291 2079 3593 2133 Gerarchia

711 2165 859 2220 card.
897 2183 951 2234 p.
979 2165 1081 2220 283
1100 2183 1181 2234 sq.
1233 2195 1297 2205 —-
1345 2164 1408 2219 G.
1434 2165 1501 2219 A.
1530 2163 1748 2234 Riccy
1784 2165 2050 2222 Memor-ie
2086 2165 2331 2221 storiche
2370 2166 2499 2221 dell’
2537 2166 2929 2221 antichissima
2967 2165 3111 2220 citta
3147 2165 3204 2220 di
3240 2165 3388 2220 Alba
3423 2165 3591 2235 longa

706 2268 735 2306 e
774 2251 903 2306 dell'
940 2251 1160 2306 Albano
1196 2251 1457 2306 moderno
1492 2251 1573 2321 (In
1617 2252 1791 2306 Roma
1822 2252 1991 2319 1787).
2021 2282 2081 2291 —
2110 2253 2169 2307 E.
2199 2251 2440 2307 Lucidi
2476 2253 2742 2308 Memoria
2766 2252 3009 2308 storiche
3035 2251 3165 2308 dell'
3202 2250 3591 2307 antichissimo

705 2338 1013 2408 municipio
1051 2355 1148 2392 ora
1192 2340 1341 2393 terra
1378 2336 1508 2391 dell·
1546 2335 1769 2391 Ariccia
1805 2354 1835 2392 e
1873 2337 2021 2393 delle
2058 2355 2154 2393 sue
2202 2337 2416 2393 colonie
2453 2338 2715 2394 Genzano
2753 2356 2783 2394 e
2806 2337 2973 2393 Nemi
3011 2338 3097 2404 (In
3123 2337 3300 2392 Roma
3328 2337 3498 2407 1796).
3525 2365 3591 2375 —

705 2425 1020 2480 Marocco
1055 2423 1402 2479 Monumenti
1439 2424 1545 2478 VII
1588 2426 1650 2478 15
1675 2442 1756 2492 sq.
1799 2453 1862 2463 -
1908 2425 1972 2479 A.
1999 2423 2230 2493 Nibby
2266 2423 2482 2479 Analisi
2523 2428 2545 2459 ²
2582 2426 2606 2478 I
2644 2424 2711 2479 78
2733 2443 2814 2494 sq.
2866 2455 2930 2466 —
2965 2422 3235 2479 Moroni
3270 2422 3587 2478 Dizionario

706 2512 729 2565 I
770 2512 871 2565 183
897 2529 977 2581 sq.
1041 2542 1098 2551 —
1154 2511 1241 2566 Fr.
1278 2509 1517 2565 Giorni
1555 2509 1742 2565 Storia
1786 2509 1844 2564 di
1881 2511 2101 2565 Albano
2138 2512 2339 2578 (Roma
2378 2512 2548 2580 1842).
2602 2544 2669 2553 —
2729 2510 3163 2582 Cappelletti
3209 2510 3238 2564 1
3273 2512 3375 2565 655
3406 2528 3487 2579 sq.
3527 2540 3586 2549 —

706 2595 954 2651 Oliverio
989 2596 1025 2651 J
1035 2597 1175 2652 ozzi
1225 2596 1404 2653 Series
1447 2597 1775 2668 pontificum
1824 2598 2166 2653 Albanorum
2214 2599 2447 2665 (Romae
2498 2599 2654 2665 1901,
2708 2597 2808 2654 ubi
2852 2597 3030 2653 fusius
3082 2598 3150 2653 de
3206 2596 3590 2667 scriptoribus,

704 2681 802 2752 qui
842 2683 910 2738 de
948 2682 1183 2739 historia
1219 2682 1579 2755 episcopatus
1614 2688 1674 2740 et
1710 2684 1961 2740 civitatis
1995 2684 2331 2741 Albanensis
2367 2687 2645 2756 egerunt).

1671 2960 2144 3046 Episcopatus
2190 2959 2637 3027 Albanensis.

917 3118 1302 3186 Albanensis
1334 3142 1588 3206 quoque
1614 3121 1887 3186 ecclesia
1916 3121 2084 3186 inter
2113 3122 2506 3206 antiquiores
2533 3121 2868 3185 Romanae
2893 3120 3259 3204 provinciae
3286 3120 3589 3184 ecclesias

705 3231 1124 3306 memoratur,
1185 3231 1251 3289 et
1315 3226 1653 3310 episcopus
1696 3223 2089 3289 Albanensis
2134 3247 2295 3289 unus
2362 3246 2398 3289 e
2465 3230 2714 3309 septem
2780 3223 3209 3289 cardinalibus
3272 3224 3590 3307 episcopis

702 3335 1089 3414 recensetur,
1137 3330 1245 3413 qui
1289 3331 1355 3393 in
1400 3328 1798 3393 ordinatione
1846 3328 2125 3393 Romani
2168 3329 2487 3414 pontificis
2533 3329 2887 3393 orationem
2933 3328 3206 3412 primam
3253 3326 3446 3391 dandi
3492 3327 3589 3390 ius

702 3434 1117 3518 praecipuum
1162 3432 1387 3497 habuit
1432 3431 1541 3518 (cf.
1588 3433 1817 3497 Diurni
1861 3434 2045 3498 form.
2078 3433 2288 3517 LVII,
2336 3432 2437 3498 ed.
2486 3432 2702 3499 Sickel
2747 3455 2809 3517 p.
2844 3431 2976 3518 47).

916 3553 1329 3640 Episcopium
1376 3555 1744 3621 Aaelbanense
1792 3554 2189 3639 temporibus
2233 3556 2470 3621 Leonis
2516 3555 2621 3620 ΠΙ
2666 3557 2815 3640 igne
2861 3554 3272 3638 absumptum
3319 3558 3419 3617 est
3461 3572 3588 3616 una

702 3677 845 3721 cum
892 3657 1166 3723 ecclesia
1225 3658 1580 3723 cathedrali
1636 3658 1696 3722 b.
1738 3658 2099 3744 Pancratii‚
2158 3681 2350 3744 quam
2397 3659 2570 3724 idem
2623 3659 2919 3743 pontifex
2963 3657 3341 3723 instauravit
3393 3660 3460 3719 et
3503 3653 3587 3719 ad

700 3761 1034 3826 meliorem
1080 3767 1317 3827 statum
1364 3761 1634 3827 deduxit
1673 3762 1842 3848 (Lib.
1875 3763 2103 3848 pontif.
2138 3764 2239 3828 ed.
2272 3763 2616 3828 Duchesne
2650 3762 2718 3826 II
2751 3761 2881 3848 32).
2972 3761 3324 3825 Praeterea
3367 3757 3584 3822 basili-

701 3885 842 3929 cam
888 3888 936 3930 s.
970 3865 1275 3930 Iohannis
1318 3866 1494 3952 bapt.
1540 3868 1607 3931 in
1651 3868 1908 3933 civitate
1955 3867 2330 3954 Albanensi,
2377 3890 2415 3933 a
2461 3867 2879 3933 Constantino
2926 3866 3012 3931 M.
3059 3866 3213 3950 imp.
3263 3863 3585 3928 conditam

699 3968 869 4053 (Lib.
910 3970 1136 4054 pontif.
1185 3970 1284 4034 ed.
1318 3970 1659 4036 Duchesne
1692 3971 1726 4034 I
1761 3975 1909 4048 1843
1955 3972 2315 4037 Mommsen
2360 3996 2422 4058 p.
2457 3976 2559 4038 69.
2594 3975 2748 4048 247;
2796 3970 2876 4035 cf.
2908 3970 3225 4035 Franconi
3268 3967 3366 4031 La
3410 3971 3585 4031 cata-

700 4072 930 4138 comba
976 4073 1123 4139 e.la
1152 4073 1419 4139 basilica
1450 4074 1977 4140 Constantiniana
2022 4075 2085 4140 di
2119 4075 2373 4141 Albano
2420 4075 2660 4161 (Roma
2697 4074 2887 4161 1877)
2936 4080 3002 4138 et
3031 4072 3110 4137 G.
3142 4073 3217 4136 B.
3264 4070 3365 4134 De
3396 4069 3586 4134 Rossi

699 4177 763 4241 in
795 4177 1061 4242 Bullett.
1111 4177 1178 4241 di
1216 4177 1494 4243 archeol.
1531 4179 1699 4243 crist.
1734 4200 1791 4243 a.
1832 4183 1993 4245 1869
2024 4203 2087 4265 p.
2126 4185 2203 4246 76
2230 4179 2376 4266 sq.),
2424 4187 2490 4244 et
2516 4179 2850 4244 basilicam
2891 4176 2955 4240 b.
2988 4176 3167 4241 Petri
3212 4176 3277 4239 in
3306 4172 3583 4256 AlbanO,

698 4300 739 4344 a
782 4280 1001 4346 Leone
1034 4280 1141 4345 III
1179 4282 1599 4347 instauratam
1646 4283 1715 4368 (l.
1750 4305 1802 4348 c.
1836 4283 2181 4350 Duchesne
2212 4284 2280 4348 11
2322 4284 2446 4370 12),
2491 4284 2558 4347 in
2585 4284 2781 4348 Libro
2815 4281 3168 4367 pontificali
3197 4284 3585 4344 memoratas

700 4385 1074 4451 invenimus,
1152 4385 1356 4451 Porro
1403 4388 1467 4451 in
1500 4389 1818 4452 territorio
1851 4387 2225 4470 Albanensi‚
2272 4390 2337 4452 in
2367 4387 2769 4473 possessione
2800 4384 3124 4467 Mefontis‚
3169 4380 3584 4447 Hormisdam

699 4510 936 4572 papam
982 4489 1314 4554 basilicam
1362 4490 1685 4575 quandam
1732 4491 2114 4577 condidisse,
2162 4494 2299 4557 eius
2321 4492 2471 4556 Vita
2523 4490 2713 4556 docet
2757 4489 2825 4574 (1.
2871 4510 2924 4552 c.
2956 4487 3300 4551 Duchesne
3345 4483 3380 4548 I
3430 4487 3583 4558 2693

701 4591 1061 4659 Mommsen
1104 4616 1168 4678 p.
1209 4592 1376 4679 126).

911 4781 1349 4848 Albanensem
1426 4784 1764 4850 ecclesiam
1845 4786 2215 4870 apostolicis
2292 4787 2645 4873 privilegiis
2719 4784 3125 4849 honestatam
3202 4777 3431 4861 fuisse,
3501 4799 3586 4842 ex

696 4884 1035 4950 Benedicti
1080 4887 1178 4951 IX
1223 4887 1399 4953 bulla
1443 4910 1560 4973 pro
1608 4889 1882 4954 ecclesia
1938 4889 2153 4956 Silvae
2201 4890 2531 4957 Candidae
2577 4913 2635 4955 a.
2677 4892 2835 4954 1037
2886 4886 3034 4973 (JL.
3067 4882 3265 4968 4110)
3313 4889 3582 4965 constat,

698 5011 825 5074 qua
870 4989 1016 5055 huic
1065 4991 1376 5057 ecclesiae
1423 5014 1502 5057 ea
1548 4993 1974 5078 confirmavit,
2032 5016 2199 5079 quae
2259 5002 2698 5060 antecessores
2752 4995 2846 5057 sui
2892 4986 3311 5056 sacrosanctis
3357 4985 3582 5050 Alba-

697 5095 934 5178 nensi,
984 5095 1262 5159 Ostiensi
1310 5103 1375 5160 et
1418 5094 1761 5161 Portuensi
1808 5100 2126 5183 episcopis
2158 5107 2620 5164 concesserant.
2697 5099 2900 5165 Multa
2945 5101 3203 5184 insuper
3247 5089 3583 5176 privilegia

696 5197 1067 5283 pontificum
1111 5199 1584 5284 Romanorum,
1631 5201 1694 5265 in
1742 5201 1969 5287 quibus
2017 5202 2571 5287 distinguebantur
2614 5204 2772 5268 fines
2817 5204 3202 5271 Albanensis
3248 5195 3580 5281 dioecesi&
