4055 6069
685 430 725 492 2
2005 419 2245 480 Latium.

684 598 899 669 scopali
946 597 1077 653 nell'
1124 595 1314 653 antico
1358 596 1562 653 ducato
1606 598 1665 653 di
1711 599 1889 655 Roma
1925 598 2009 654 in:
2053 598 2321 654 Archivio
2365 598 2518 654 della
2561 598 2681 653 Soc.
2720 598 2877 654 Rom.
2905 596 3007 651 XV
3043 599 3222 669 (1892)
3259 598 3362 651 475
3383 613 3463 664 sq.
3501 625 3567 634 —

685 685 801 740 Ces.
839 685 919 741 De
956 684 1169 754 Cupis
1213 681 1421 755 Saggio
1457 683 1843 755 bibliografico
1881 685 2034 757 degli
2071 684 2256 740 scritti
2302 702 2333 741 e
2368 684 2516 740 delle
2551 683 2706 756 leggi
2741 685 2867 739 sull'
2906 702 3042 755 agro
3083 684 3330 739 Romano
3366 682 3565 751 (Roma

685 771 857 839 1903).
913 801 979 811 —
1031 769 1057 823 I
1096 768 1316 825 vescovi
1364 769 1421 824 di
1457 770 1809 843 campagus,
1859 772 1880 827 i
1928 770 2273 843 corepiscopi
2319 788 2350 827 e
2389 770 2608 827 vescovi
2655 770 2927 827 cardinali
2976 771 3106 827 nell'
3144 769 3428 825 antichita
3482 768 3566 823 in:

686 857 897 914 Civilta
932 855 1200 912 cattolica
1239 857 1374 914 1904
1407 856 1600 915 Ottob.
1624 860 1715 922 15;
1756 859 1888 916 1905
1923 859 2095 916 Genn.
2120 860 2214 923 213
2252 858 2437 913 Marso
2477 859 2556 915 18.

897 1034 1156 1098 Latium
1214 1034 1348 1097 sive
1402 1035 1730 1118 provincia
1772 1035 2105 1119 Romana,
2174 1055 2341 1120 quae
2408 1036 2472 1098 in
2517 1034 2868 1120 privilegiis
2932 1033 3014 1098 ab
3071 1033 3565 1119 imperatoribus

683 1136 1017 1202 Romanae
1075 1137 1387 1202 ecclesiae
1432 1140 1750 1202 concessis
1794 1140 1885 1203 ita
1945 1139 2318 1224 designatur
2376 1145 2551 1222 „tota
2590 1145 2789 1223 terra,
2846 1159 3013 1223 quae
3069 1145 3167 1202 est
3212 1138 3293 1202 ab
3339 1138 3561 1222 Aqua-

682 1241 1005 1325 pendente
1059 1262 1261 1325 usque
1315 1240 1398 1305 ad
1456 1240 1900 1326 Ceperanum“
1964 1240 2074 1327 (cf.
2119 1241 2357 1306 Ficker
2410 1241 2869 1328 Forschungen
2924 1264 3033 1306 zur
3091 1240 3370 1306 Reichs-
3433 1240 3563 1304 und

682 1343 1295 1430 Rechtsgeschichte
1361 1344 1628 1409 Italiens
1680 1346 1751 1409 Π
1808 1349 1933 1411 298
1966 1345 2121 1431 sq.),
2190 1345 2779 1431 comprehendebat
2836 1345 3132 1410 Tusciam
3178 1345 3560 1427 Romanam,

681 1446 1092 1532 Maritimam,
1141 1450 1529 1513 territorium
1575 1449 1926 1515 Sabinense
1973 1458 2040 1515 et
2084 1449 2506 1536 Campaniam
2549 1450 2930 1515 Romanam.

896 1553 1263 1637 Antequam
1330 1574 1482 1617 vero
1559 1553 1644 1617 ad
1721 1554 2004 1639 singulas
2059 1554 2232 1618 Latii
2299 1554 2630 1618 dioeceses
2693 1553 3107 1635 accedamus,
3176 1552 3562 1616 documenta

647 1658 1041 1741 *spectantia
1093 1656 1179 1720 ad
1235 1658 1652 1742 patrimonia,
1722 1679 1887 1743 quae
1955 1658 2230 1723 ecclesia
2271 1657 2568 1722 Romana
2628 1659 2692 1721 in
2735 1658 2925 1722 Latio
2972 1658 3124 1720 olim
3169 1655 3559 1741 possidebat,

684 1761 1079 1846 colligemus.

1558 2166 2291 2243 PATRIMONIA
2337 2166 2412 2241 S.
2457 2166 2552 2241 R.
2598 2166 2685 2239 E.

890 2311 949 2368 L.
974 2314 1040 2368 A.
1063 2312 1395 2369 Muratori
1435 2313 1818 2383 Antiquitates
1853 2313 2083 2369 italicae
2120 2312 2292 2369 medii
2330 2313 2457 2369 aevi
2493 2312 2544 2366 V
2587 2312 2751 2382 (Diss.
2789 2310 2990 2379 LXIX)
3028 2312 3128 2367 797
3148 2328 3228 2380 sq.
3284 2341 3353 2350 —
3404 2310 3560 2367 Giac.

684 2397 786 2452 Fil.
824 2398 1050 2453 Ameti
1093 2398 1439 2455 Patrimonio
1486 2400 1543 2455 di
1590 2399 1642 2455 S.
1669 2399 1880 2466 Pietro,
1925 2400 2061 2455 olim
2098 2399 2304 2456 Tuscia
2337 2398 2748 2463 suburbicaria,
2792 2416 2895 2454 con
2930 2398 2983 2454 le
3018 2416 3115 2453 sue
3157 2397 3258 2468 piu
3305 2397 3563 2468 cospicue

683 2485 870 2541 strade
906 2484 1134 2540 antiche
1172 2503 1201 2539 e
1236 2487 1495 2543 moderne
1530 2504 1561 2543 e
1597 2486 1904 2557 principali
1940 2487 2117 2543 casali
2153 2505 2182 2543 e
2218 2489 2412 2542 tenute
2460 2486 2518 2540 di
2556 2503 2674 2542 esso
2719 2485 2805 2553 (In
2842 2485 3019 2540 Roma
3056 2486 3226 2551 1696).
3283 2515 3344 2524 -
3383 2485 3470 2539 Fr.
3497 2489 3560 2539 A.

684 2570 1009 2627 Zaccaria
1060 2571 1394 2629 Dissertatio
1446 2572 1515 2629 de
1564 2573 1918 2643 patrimoniis
1964 2575 2016 2629 S.
2055 2574 2119 2628 R.
2152 2574 2214 2628 E.
2267 2574 2340 2628 ad
2384 2573 2687 2628 Iohannem
2722 2573 2854 2627 VIII
2904 2591 2971 2627 ex
3020 2570 3298 2627 Holstenii
3345 2571 3563 2627 schedis

683 2657 922 2726 aliisque
958 2657 1332 2714 monumentis
1367 2659 1540 2715 etiam
1578 2659 1745 2716 editis
1781 2660 2020 2716 collecta
2056 2660 2141 2716 in:
2186 2660 2266 2716 De
2309 2659 2474 2715 rebus
2530 2659 2603 2714 ad
2652 2657 2943 2714 historiam
2980 2662 3151 2727 atque
3187 2657 3562 2727 antiquitates

681 2743 967 2800 Ecclesiae
1002 2744 1417 2815 pertinentibus
1454 2746 1874 2802 dissertationes
1908 2747 2123 2803 latinae
2158 2747 2213 2801 II
2249 2744 2529 2818 (Fulginei
2569 2745 2724 2814 1781)
2758 2744 2927 2814 68sq.
2979 2775 3046 2784 —-
3085 2743 3144 2800 O.
3170 2743 3237 2800 H.
3263 2743 3446 2799 Sack
3480 2744 3562 2800 De

685 2829 1037 2900 patrimoniis
1061 2830 1330 2888 ecclesiae
1354 2832 1638 2890 Romanae
1663 2831 1815 2889 circa
1837 2832 2003 2889 finem
2026 2850 2170 2889 saec.
2184 2833 2261 2887 VI
2287 2832 2373 2887 in:
2413 2830 2923 2888 commentationes
2948 2848 3094 2900 quae
3117 2830 3190 2886 ad
3214 2831 3562 2901 theologiam

684 2914 1009 2971 historicam
1045 2916 1333 2987 pertinent
1368 2922 1481 2974 tres
1518 2918 1766 2986 (Bonnae
1806 2918 1978 2985 1821).
2008 2949 2068 2959 -
2101 2919 2377 2975 Analecta
2410 2917 2547 2973 iuris
2582 2916 2859 2988 pontificii
2894 2915 3009 2973 Ser.
3035 2916 3111 2971 lv
3149 2918 3378 2988 (Romae
3407 2919 3561 2985 1860)

686 3002 818 3060 1907
842 3021 951 3074 sq.;
987 3002 1283 3061 Domaines
1317 3005 1618 3077 temporels
1654 3006 1725 3063 de
1760 3005 2007 3077 l’Eglise.
2060 3037 2126 3048 -
2181 3005 2248 3061 Η.
2274 3004 2514 3062 Grisar
2547 3004 2652 3060 Ein
2691 3004 3008 3075 Rundgang
3041 3004 3216 3061 durch
3255 3003 3346 3061 die
3381 3004 3562 3061 Patri-

682 3089 907 3146 monien
960 3090 1057 3147 des
1093 3091 1223 3148 heil.
1262 3091 1486 3148 Stuhles
1533 3111 1628 3148 um
1674 3093 1773 3149 das
1805 3093 1948 3149 Jahr
1981 3094 2086 3150 600
2120 3092 2206 3148 in:
2261 3090 2573 3149 zeitschrift
2624 3092 2713 3146 fiir
2763 3091 2924 3147 kath.
2961 3090 3266 3162 Theologie
3302 3093 3328 3146 I
3384 3093 3564 3161 (1877)

681 3175 780 3231 321
813 3194 892 3246 sq.
945 3177 1044 3233 341
1072 3163 1163 3247 sq:
1208 3178 1311 3233 526
1344 3197 1426 3248 sq.
1488 3209 1547 3220 —
1604 3179 1694 3234 W.
1719 3179 1816 3234 wi
1830 3180 2060 3237 sbaum
2112 3178 2216 3235 Die
2270 3177 2632 3250 wichtigsten
2689 3177 3045 3250 Richtungen
3100 3178 3212 3233 und
3265 3178 3415 3234 Ziele
3467 3179 3565 3233 der

684 3262 1022 3334 Thatigkeit
1056 3263 1153 3320 des
1189 3264 1428 3335 Papstes
1462 3264 1702 3336 Gregors
1739 3266 1834 3322 des
1871 3265 2107 3322 Grossen
2130 3265 2299 3334 (Koln
2324 3265 2496 3333 1884).
2532 3297 2599 3306 —-
2636 3264 2702 3320 K.
2727 3264 3207 3320 Schwarzlose
3241 3264 3344 3320 Die
3379 3265 3564 3321 Patri-

682 3348 903 3406 monien
956 3351 1055 3407 der
1106 3349 1415 3407 romischen
1465 3351 1672 3408 Kirche
1724 3351 1811 3407 bis
1864 3371 1960 3407 zur
2011 3351 2320 3423 Grundung
2372 3352 2467 3407 des
2528 3351 2955 3408 Kirchenstaats
3010 3350 3221 3418 (Berlin
3270 3352 3440 3422 1887).
3496 3382 3563 3393 —-

682 3434 749 3492 K.
769 3435 1110 3492 Schwarzl
1124 3453 1235 3493 ose
1262 3437 1366 3493 Die
1385 3437 1753 3509 Verwaltung
1777 3439 1891 3494 und
1910 3437 2224 3495 finansielle
2247 3439 2581 3509 Bedeutung
2605 3439 2702 3494 der
2725 3437 3108 3493 Patrimonien
3133 3439 3230 3494 der
3251 3439 3561 3496 romischen

683 3521 889 3577 Kircbe
926 3521 1014 3576 in:
1051 3521 1373 3579 zeitschrift
1411 3523 1501 3578 fur
1535 3524 2206 3596 KirchengeschichteXI
2245 3525 2423 3594 (1890)
2456 3525 2525 3579 62
2548 3543 2631 3594 sq.
2656 3556 2724 3566 -
2758 3525 2820 3580 P.
2845 3524 3067 3582 Fabre
3104 3524 3185 3581 De
3209 3525 3561 3595 patrimoniis

684 3606 966 3663 Romanae
1002 3608 1272 3665 ecclesiae
1308 3608 1475 3680 (Lille
1504 3610 1674 3680 1892).
1704 3644 1771 3652 -
1807 3612 1849 3666 Ι.
1873 3610 2077 3667 Doize
2115 3611 2217 3666 Les
2253 3610 2617 3682 patrimoines
2653 3611 2722 3667 de
2747 3611 2959 3683 l'eglise
2984 3610 3255 3667 Romaine
3281 3629 3354 3667 au
3378 3615 3561 3682 temps

684 3693 751 3748 de
796 3693 850 3749 S.
876 3694 1139 3765 Gregoire
1175 3696 1262 3751 in:
1317 3696 1539 3753 Etudes.
1575 3695 1766 3753 Revue
1802 3697 1998 3752 fondee
2052 3715 2156 3768 par
2190 3698 2273 3752 les
2309 3698 2472 3754 Feres
2507 3698 2577 3754 de
2612 3696 2671 3753 la
2707 3697 3056 3770 Compagnie
3091 3699 3160 3754 de
3194 3698 3369 3757 Jesus.
3428 3700 3563 3755 1904

682 3778 795 3833 iun.
828 3781 877 3835 5.
933 3809 998 3819 —
1056 3781 1098 3834 Ι.
1125 3780 1327 3838 Doize
1370 3782 1527 3838 Deux
1574 3784 1769 3840 etudes
1816 3801 1911 3839 sur
1961 3782 2450 3840 l'administration
2497 3784 2824 3854 temporelle
2878 3785 2952 3840 du
3006 3802 3154 3856 pape
3197 3785 3461 3858 Gregoire
3504 3785 3561 3841 le

682 3864 870 3920 Grand
907 3866 1087 3936 (Paris
1121 3869 1293 3938 1904).

889 4023 1313 4109 Temporibus
1359 4023 1657 4111 Gregorii
1686 4026 1721 4090 Ι
1777 4033 2212 4092 memorantur
2263 4027 2428 4092 haec
2471 4028 2855 4112 patrimonia
2901 4026 2965 4092 S.
2997 4028 3078 4098 R.
3108 4029 3184 4095 E.
3231 4032 3298 4095 in
3339 4032 3557 4096 Latio:

681 4127 959 4212 Appiae,
1006 4125 1354 4192 Savinense
1398 4135 1592 4214 atque
1624 4129 2062 4196 Cartiolanum
2111 4131 2205 4217 (in
2248 4129 2548 4217 Gregorii
2576 4131 2610 4195 Ι
2652 4154 2786 4218 reg.
2833 4131 2942 4197 lib.
2974 4132 3080 4198 III
3124 4155 3226 4218 ep.
3260 4138 3335 4199 21
3386 4135 3559 4200 Mon.

684 4227 902 4294 Germ.
948 4230 1114 4315 Epp.
1146 4231 1180 4295 Ι
1232 4234 1385 4306 179;
1433 4233 1511 4297 cf.
1560 4234 1756 4297 etiam
1788 4233 2006 4299 Vitam
2054 4232 2351 4320 Gregorii
2393 4235 2482 4300 M.
2515 4242 2775 4300 auctore
2820 4235 3108 4302 Iohanne
3155 4237 3319 4303 diac.
3351 4238 3459 4304 lib.
3493 4238 3563 4302 Π

683 4354 737 4397 c.
771 4335 900 4419 53).
990 4335 1065 4399 In
1121 4337 1443 4421 excerptis
1489 4343 1704 4402 autem
1759 4358 1844 4401 ex
1886 4338 2163 4403 Honorii
2192 4339 2246 4420 I,
2308 4337 2604 4423 Gregorii
2636 4339 2706 4404 II
2758 4346 2825 4405 et
2880 4340 3231 4407 Zachariae
3290 4344 3562 4427 regestis

681 4437 1087 4502 inveniuntur
1129 4440 1514 4524 patrimonia
1551 4441 1832 4526 Appiae,
1876 4442 2295 4526 Labicanum,
2339 4443 2760 4528 Tiburtinum,
2808 4443 3100 4530 Tusciae,
3147 4448 3377 4532 quibus
3421 4447 3559 4511 adi-

683 4542 884 4605 cimus
927 4543 1380 4626 patrimonium
1422 4542 1793 4630 Sabinense,
1840 4545 1921 4610 de
1969 4568 2094 4631 quo
2140 4545 2340 4612 Liber
2383 4546 2763 4632 pontificalis
2810 4555 2875 4614 et
2919 4549 3288 4633 pontificum
3318 4551 3561 4615 Roma-

682 4665 908 4710 norum
955 4645 1265 4731 epistolae
1310 4647 1394 4712 ad
1437 4647 1829 4714 Francorum
1860 4671 2070 4735 reges.
2144 4649 2441 4736 Denique
2486 4652 2552 4715 in
2583 4651 2886 4717 Iohannis
2915 4652 3085 4718 VIII
3129 4655 3397 4719 concilio
3426 4655 3559 4719 Ra-

682 4769 929 4814 vennae
975 4771 1033 4814 a.
1067 4753 1189 4815 877
1237 4750 1562 4817 celebrato
1608 4752 1768 4817 haec
1815 4752 1878 4818 S.
1909 4753 1988 4818 R.
2029 4754 2105 4818 Ε.
2152 4756 2536 4838 patrimonia
2579 4757 3015 4821 nominantur:
3070 4758 3327 4842 Appiae
3381 4759 3559 4824 vide·

681 4853 834 4917 licet
891 4860 958 4917 et
1002 4854 1439 4920 Lavicanense
1495 4856 1599 4921 vel
1643 4856 2142 4940 Campaninum,
2199 4858 2649 4944 Tyburtinum,
2717 4860 3168 4925 Traiectanum
3222 4863 3560 4946 (Ii-netto),

684 4955 1071 5021 Theatinum
1136 4957 1442 5043 (obieci),
1510 4966 1850 5044 utrumque
1908 4960 2257 5026 Savinense
2315 4970 2382 5028 et
2443 4962 2714 5028 Tusciae
2768 4962 2879 5049 (cf.
2941 4965 3245 5030 Zaccaria
3281 4964 3353 5029 H
3401 4971 3559 5043 159;

681 5058 889 5124 Mansi
921 5059 1121 5125 XVII
1179 5065 1302 5128 335
1340 5085 1464 5149 sq.;
1522 5063 1887 5129 Watterich
1918 5064 1952 5128 Ι
1998 5071 2145 5132 642.
2256 5066 2619 5133 Deusdedit
2677 5067 2785 5132 lib.
2836 5068 2942 5132 111
3002 5090 3055 5135 c.
3089 5074 3168 5135 85
3225 5070 3353 5155 [51]
3413 5069 3561 5136 edd.

682 5161 1060 5229 Martinucci
1105 5187 1168 5249 p.
1204 5168 1327 5232 262
1343 5190 1359 5243 ;
1406 5166 1596 5231 Wolf
1633 5189 1690 5233 v.
1724 5167 2021 5235 Glanvell
2068 5193 2131 5255 p.
2164 5171 2309 5235 291.
2398 5170 2461 5237 J.
2507 5194 2570 5257 p.
2605 5175 2749 5238 269.
2838 5171 2958 5237 JE.
3004 5173 3038 5237 Ι
3081 5195 3144 5258 p.
3179 5174 3354 5260 394).
