4055 6069
738 438 762 500 1
777 438 859 500 90
1695 436 1710 454 ⁸
2059 431 2301 491 Latium.

938 606 1118 662 Laud.
1156 607 1219 660 in
1254 607 1531 662 Benedicti
1570 607 1768 664 ozam.
1803 625 1844 665 ο.
1871 616 1903 663 6
1936 611 2034 679 (ea.
2075 611 2228 665 Mon.
2273 610 2444 665 Germ.
2482 610 2595 665 Sor.
2634 610 2734 664 111
2767 612 2914 681 698).
2956 642 3018 650 -
3058 610 3185 680 Ray.
3223 611 3337 666 JK.
3375 642 3458 666 -.

1110 702 1264 769 Quae
1299 721 1432 758 vero
1467 702 1804 760 Benedictus
1849 705 2155 760 monachus
2203 724 2244 760 s·
2273 705 2525 761 Andreae
2561 705 2620 759 in
2656 704 2932 761 Chronico
2968 723 3067 761 suo
3105 707 3172 762 de
3208 705 3620 776 antiquioribus

935 790 1284 860 temporibus
1320 794 1528 856 narrat,
1563 790 1820 846 fabulosa
1856 809 1975 847 esse
2011 791 2266 863 apprime
2304 796 2541 847 constat.

730 896 813 961 *2
3207 900 3502 963 715—31

689 1006 695 1012 ’
731 998 1176 1085 Gregorius
1221 999 1290 1063 H
1333 1001 1507 1065 locat
1551 1002 1940 1065 monasterio
1975 1024 2023 1064 s.
2058 1000 2347 1067 Silvestri
2395 1003 2458 1066 in
2504 1009 2721 1067 monte
2757 1000 3021 1068 Soracte
3069 900 3334 1067 funffium
3367 902 3617 1068 8001))ὺὶ-

730 1126 922 1168 anum
969 1124 1052 1167 ex
1098 1124 1364 1189 corpore
1413 1125 1663 1169 massae
1711 1105 2145 1171 Castellianae
2190 1113 2355 1191 patr.
2404 1107 2695 1172 Tusciae.

938 1213 1239 1269 Deusdedit
1272 1215 1358 1269 lib.
1399 1215 1510 1269 III
1548 1231 1590 1271 c.
1617 1222 1710 1272 231
1746 1214 1898 1285 [149]
1942 1233 2010 1270 ex
2044 1218 2265 1287 registro
2309 1216 2565 1288 Gregorii
2599 1218 2834 1272 iunioris
2881 1215 3015 1282 (edd.
3054 1216 3391 1272 Martinucci
3419 1235 3477 1287 p.
3503 1224 3618 1272 324.

742 1302 901 1367 Wolf
924 1320 970 1355 v.
1017 1301 1260 1356 Glanvell
1284 1319 1343 1372 p.
1371 1307 1510 1371 369).
1583 1303 1819 1357 Albinus
1854 1304 1940 1357 Ζῶ.
1969 1303 2032 1356 Χ
2065 1319 2107 1357 0.
2137 1312 2218 1359 30.
2295 1303 2520 1358 Oeneius
2556 1320 2598 1358 c.
2627 1312 2681 1359 71
2717 1304 2822 1373 (ed.
2864 1304 3379 1359 Fabre-Duchaene
3415 1305 3457 1359 I
3484 1306 3616 1369 352).

732 1420 797 1429 -
835 1388 1001 1459 Reqy.
1039 1388 1197 1459 Deyli
1233 1389 1426 1455 Effetti
1455 1407 1513 1457 p.
1540 1396 1623 1445 29.
1701 1390 2010 1445 Tmnassetti
2048 1392 2079 1445 l.
2116 1407 2158 1445 c.
2187 1408 2247 1459 p.
2276 1400 2386 1446 412.
2424 1398 2534 1446 425.
2595 1391 2646 1445 J.
2689 1399 2822 1447 1695.
2875 1391 2987 1447 JE.
3023 1399 3170 1447 2207.

728 1530 809 1593 *3
2245 1564 2264 1581 -
3379 1535 3505 1595 747

731 1634 1158 1699 Zacharias
1189 1632 1639 1718 Carlomann0‚
1671 1636 1803 1700 filio
1837 1635 2052 1701 Caroli
2083 1634 2387 1716 Martem,
2421 1634 2657 1699 emittit
2679 1640 3094 1720 praeceptum
3126 1633 3207 1699 de
3233 1532 3616 1700 monastgrio

730 1738 790 1803 b.
825 1738 1133 1803 Silvestri.

936 1848 1119 1904 Laud.
1155 1848 1218 1901 in
1252 1863 1308 1902 n.
1330 1857 1380 1902 4.
1420 1879 1483 1888 -
1522 1848 1688 1919 Βερρ.
1727 1849 1788 1904 J.
1825 1823 1977 1905 zm.
2023 1848 2140 1904 ΔΕ.
2177 1856 2327 1905 2280.

728 1959 771 2018 4
3171 1955 3533 2035 (761—62)

728 2060 1017 2124 Paulus
1063 2061 1096 2124 Ι
1149 2061 1427 2146 Pippino
1473 2061 1612 2144 regi
1656 2059 2048 2124 Francorum
2098 2065 2163 2124 et
2208 2060 2476 2143 patricio
2523 2055 2962 2122 Romanorum
3009 2063 3075 2120 et
3119 2066 3237 2142 per
3282 2079 3428 2122 eum
3474 2079 3616 2122 ven.

728 2165 1117 2229 monasterio
1179 2164 1241 2229 b.
1291 2163 1595 2237 Silvestri
1641 2169 1791 2228 eta:
1854 2163 2149 2228 concedit
2202 2163 2662 2227 monasterium
2725 2160 2785 2225 b.
2833 2160 3122 2225 Silvestri
3188 2181 3306 2225 nec
3365 2183 3493 2226 non
3554 2169 3620 2225 ct

728 2266 856 2332 alia
902 2270 1025 2333 tria
1071 2268 1162 2332 illi
1208 2268 1604 2334 subiacentis
1648 2268 2061 2349 monasteria,
2109 2290 2155 2331 s.
2191 2266 2500 2351 Stephani
2548 2273 2614 2331 et
2657 2265 2720 2330 b.
2763 2265 3066 2330 Andreae
3113 2270 3306 2349 atque
3338 2266 3619 2330 Victoris

728 2392 872 2436 cum
930 2373 1241 2437 universis
1294 2373 1486 2438 rebus
1542 2380 1607 2438 et
1651 2371 2193 2458 possessionibus3
2259 2371 2564 2453 decernit,
2610 2377 2681 2435 ut
2725 2376 3142 2456 praeceptum
3188 2369 3618 2435 carlomanno

728 2498 767 2541 a
811 2477 1125 2543 Zacharia
1156 2499 1529 2544 concessum
1560 2478 1653 2561 (n.
1686 2480 1759 2554 3)
1803 2477 2048 2541 nullam
2092 2476 2332 2542 habeat
2369 2476 2759 2541 firmitatem.
2792 2512 2869 2523 —
2908 2473 3162 2539 Salubri
3194 2472 3616 2558 providentia.

938 2587 1063 2642 God.
1115 2587 1288 2645 Garoz.
1339 2605 1416 2658 ep.
1466 2594 1542 2643 12.
1587 2617 1656 2628 —-
1699 2586 1841 2642 Edd.
1894 2587 2177 2641 Muratori
2223 2586 2336 2641 Sor.
2382 2587 2519 2641 1111>
2564 2594 2667 2641 116.
2752 2585 2923 2642 Omni
2963 2585 3117 2639 Mon.
3170 2583 3305 2639 dom.
3345 2585 3549 2653 pontif.
3589 2584 3629 2638 Ι

727 2680 826 2729 193
859 2692 914 2729 n.
939 2680 1019 2730 32.
1074 2675 1267 2745 Miyne
1307 2675 1585 2729 XCVIII
1598 2682 1692 2729 192
1725 2692 1781 2729 n.
1806 2681 1888 2729 32.
1942 2674 2098 2741 Jaffo‘
2133 2674 2270 2729 Bibl.
2306 2689 2408 2728 rer.
2444 2673 2617 2728 Ger-vn.
2645 2671 2731 2726 IV
2757 2680 2819 2727 97
2848 2689 2905 2728 n.
2931 2677 3010 2725 23.
3067 2671 3218 2726 Mon.
3260 2670 3433 2725 Gerrn.
3472 2671 3618 2741 Epp.

729 2760 837 2814 111
869 2767 962 2815 126
993 2777 1048 2814 n.
1074 2766 1151 2815 23.
1190 2790 1256 2801 -
1293 2760 1460 2832 Reyq.
1500 2761 1768 2815 Mabillon
1804 2761 1953 2815 Anu.
1990 2759 2107 2814 ord.
2143 2776 2186 2815 ε.
2215 2759 2412 2815 Bened.
2452 2762 2474 2793 ²
2510 2759 2587 2813 II
2617 2765 2723 2814 122.
2785 2758 2846 2814 J.
2873 2763 3021 2812 1807.
3076 2757 3184 2811 JE.
3221 2763 3365 2812 2349.

728 2918 764 2958 ³⁸
3247 2916 3502 2979 62—67

729 2918 1016 3086 P5aulus
1058 3019 1093 3084 I
1158 3020 1373 3086 subdit
1432 3021 1892 3088 monasterium
1945 3043 1993 3086 s.
2029 3020 2347 3103 Silvestri‚
2412 3042 2451 3084 a
2494 3020 2772 3106 Pippino
2839 3042 2994 3105 rege
3053 2916 3617 3102 sibi(71·estitut1)1m‚

729 3127 1122 3191 monasterio
1167 3149 1215 3191 s.
1252 3125 1544 3191 Silvestri
1589 3126 1669 3191 de
1716 3125 1914 3191 Urbe.

934 3237 1118 3292 Laud.
1152 3239 1216 3293 in
1250 3238 1419 3292 Pauli
1453 3253 1530 3306 ep.
1576 3236 1649 3291 ad
1683 3237 1981 3306 Pippinum
2022 3253 2194 3307 regem
2238 3235 2389 3304 (God.
2433 3236 2605 3291 Garol.
2639 3252 2716 3304 ep.
2758 3243 2830 3290 16.
2895 3236 2945 3290 J.
2986 3242 3135 3291 1818.
3188 3235 3297 3290 JE.
3336 3238 3512 3300 2372).
3551 3266 3618 3275 -

842 3365 856 3380 .
893 3322 1012 3381 JE.
1047 3356 1133 3380 —.

729 3324 841 3394 R&
1105 3419 1214 3475 Sed
1267 3419 1327 3474 in
1379 3418 1697 3492 privilegiis
1743 3437 1844 3491 pro
1899 3419 2236 3476 monasterio
2283 3438 2324 3474 s.
2359 3418 2617 3475 Silvestri
2668 3419 2738 3474 de
2783 3417 2930 3473 Urbe
2977 3419 3069 3485 (cs.
3109 3417 3217 3472 vol.
3257 3418 3282 3470 Ι
3332 3436 3386 3487 p.
3420 3417 3483 3472 81
3514 3418 3619 3486 sq.)

934 3506 1151 3561 nullam
1187 3507 1528 3562 mentionem
1566 3506 1714 3563 circa
1748 3507 1893 3563 hanc
1930 3505 2344 3562 concessionem
2379 3505 2713 3560 invenimus.

1964 3781 2382 3852 con-chiano.

1972 3907 1990 3972 (
2004 3904 2365 3973 Corclanum)

941 4046 1017 4111 In
1078 4045 1339 4110 archivo
1385 4045 1576 4109 castri
1631 4068 1677 4108 s.
1710 4044 1948 4128 Angeli
1993 4045 2174 4109 Arm.
2220 4045 2392 4109 XIII
2438 4066 2491 4109 0.
2525 4045 2629 4108 III
2673 4050 2793 4109 n.1
2847 4044 3222 4108 adservatur
3266 4042 3473 4107 adhuc
3519 4044 3617 4106 in-

727 4156 1150 4214 strumentum
1220 4148 1601 4232 donationis,
1671 4169 1797 4232 quo
1864 4147 2246 4234 stephania,
2318 4148 2639 4234 quondam
2710 4147 3024 4212 Guidonis
3092 4145 3349 4210 Girardi
3415 4146 3615 4209 incliti

728 4255 980 4318 comitis
1023 4252 1177 4333 filia,
1225 4257 1501 4317 castrum
1549 4251 1845 4316 Corolani
1891 4275 1948 4317 a.
1989 4257 2153 4318 1150
2198 4255 2323 4317 ian.
2358 4255 2438 4318 23
2485 4272 2727 4336 genero
2774 4273 2888 4315 suo
2935 4251 3192 4316 Cinthio
3240 4249 3410 4314 dello
3444 4251 3615 4314 Arco

727 4365 794 4422 et
849 4356 1020 4422 filiae
1079 4377 1232 4421 suae
1294 4353 1526 4420 Gaitae
1585 4356 1849 4420 donavit
1912 4356 2104 4442 (Reg.
2164 4358 2354 4422 Pertz
2418 4358 2482 4420 in
2527 4356 2768 4420 Archiv
2807 4355 2940 4420 VII
2997 4354 3126 4441 23).
3185 4394 3266 4402 —-
3324 4354 3425 4419 De
3471 4355 3617 4419 loco

727 4461 807 4525 cf.
854 4459 1104 4525 Moroni
1150 4460 1518 4525 Dizionario
1567 4458 1656 4524 CI
1702 4464 1826 4526 346
1852 4483 1946 4545 sq.

939 4634 1345 4700 Documenta
1392 4634 1905 4720 deprompsimus
1950 4654 2036 4697 ex
2079 4634 2318 4700 Albino
2367 4638 2431 4699 et
2476 4634 2736 4700 Cencio.

730 4777 767 4836 1
3057 4772 3225 4834 1158
3267 4792 3411 4853 any.
3443 4772 3527 4834 25

724 4878 897 4942 Boso
946 4900 1027 4941 ss.
1076 4877 1350 4942 Cosmae
1398 4883 1464 4941 et
1507 4875 1810 4941 Damiani
1857 4876 2020 4941 diac.
2070 4876 2265 4957 card„
2313 4875 2371 4940 d.
2420 4897 2631 4960 papae
2665 4877 3073 4958 camerarius,
3122 4881 3186 4941 et
3216 4873 3619 4939 Raimundus

727 5004 774 5047 s.
823 4982 1068 5046 Mariae
1128 4982 1194 5046 in
1238 4980 1364 5045 Via
1419 4980 1553 5045 lata
1608 4978 1770 5044 diac.
1834 4979 2005 5045 card.
2070 4981 2386 5064 rccipiunt
2441 4981 2862 5044 munitionem
2929 4982 3120 5044 castri
3181 4977 3475 5044 Corclani
3531 4976 3616 5042 de

728 5106 922 5149 manu
964 5071 1406 5168 Bueoaleoni's,
1454 5084 1564 5170 qui
1607 5084 1971 5148 hominibus
2018 5084 2306 5148 ciusdem
2353 5086 2545 5149 castri
2589 5085 2925 5169 praecipit,
2971 5090 3041 5148 ut
3085 5082 3487 5147 Hadriano
3517 5081 3618 5146 IV

728 5190 991 5274 eiusque
1039 5188 1509 5253 successoribus
1562 5188 1642 5252 de
1690 5194 1907 5254 cetero
1958 5187 2185 5253 fideles
2232 5190 2562 5254 exsistant.
2657 5188 3013 5274 Stephania
3058 5195 3266 5252 mater
3313 5193 3377 5250 et
3423 5185 3615 5250 Oddo
