4055 6069
996 452 1369 525 Episcopatus
1405 452 1713 511 Castrensis
1750 486 1815 497 --
1852 454 1999 511 Mon.
2035 473 2076 509 s.
2102 453 2405 527 Augustini
2442 454 2510 510 de
2547 455 2737 512 Monte
2772 455 2908 511 alto.
3263 459 3394 522 219

1422 750 1930 817 nonasterium
1979 765 2038 815 s.
2070 749 2485 817 Mammam.

727 908 1186 974 Monasterium
1225 908 1347 973 hoc
1394 909 1546 973 olim
1579 908 2038 974 monachorum
2084 909 2218 974 ord.
2267 933 2316 973 s.
2348 908 2706 992 Benedicti,
2754 909 3062 975 obscurae
3111 910 3393 994 originis,

513 1012 702 1076 situm
733 1013 911 1077 iuxta
941 1019 1224 1098 pontem,
1257 1013 1323 1077 in
1355 1014 1662 1078 comitatu
1696 1013 2042 1098 Castrensi,
2072 1016 2346 1097 primum
2382 1020 2919 1079 commemoratur
2948 1014 3012 1076 in
3037 1014 3273 1077 Leonis
3295 1013 3394 1077 IX

512 1117 849 1200 privilegio
904 1139 1020 1202 pro
1067 1117 1393 1184 Castrensi
1433 1119 1825 1203 episcopatu.
1925 1116 2352 1203 Temporibus
2395 1117 2751 1182 Alexandri
2797 1117 2901 1181 III
2961 1118 3266 1201 pertinuit
3311 1117 3393 1181 ad

514 1223 971 1286 monasterium
1031 1245 1079 1286 s.
1111 1223 1275 1286 Iusti
1332 1243 1534 1308 prope
1581 1222 1962 1286 Tuscaniam
2012 1221 2506 1307 (JL.13038a).
2597 1222 2924 1303 Attamen,
2970 1229 3041 1286 ut
3084 1227 3267 1306 patet
3311 1243 3394 1286 ex

514 1324 773 1409 Cenci0,
818 1326 971 1390 iuris
1004 1324 1065 1391 S.
1092 1325 1171 1390 R.
1204 1326 1277 1390 E.
1312 1327 1450 1405 fuit,
1499 1328 1599 1391 cui
1645 1328 1894 1391 solvere
1948 1326 2170 1392 debuit
2214 1348 2472 1391 censum
2519 1348 2797 1390 annuum
2842 1325 2976 1390 XII
3007 1327 3394 1391 Lucensium

512 1427 1129 1513 (Fabre-Duchesne
1162 1430 1196 1493 I
1228 1436 1343 1507 57;
1391 1431 1471 1494 cf.
1503 1430 1573 1493 II
1614 1429 1780 1516 110).
1871 1429 2001 1495 Sed
2048 1432 2383 1515 nescimus,
2430 1451 2468 1493 a
2516 1451 2641 1515 quo
2683 1430 2985 1514 pontifice
3033 1430 3136 1494 hic
3168 1449 3394 1494 census

519 1535 906 1597 monasterio
952 1534 1286 1617 impositus
1331 1534 1543 1599 fuerit.
1634 1534 1948 1599 Memoria
1994 1533 2182 1598 huius
2227 1534 2596 1599 monasterii
2642 1535 2851 1617 periit.

729 1705 831 1771 De
876 1705 1116 1771 archivi
1162 1706 1414 1772 fortuna
1458 1707 1615 1771 nihil
1660 1709 1902 1792 pariter
1939 1708 2191 1771 scimus.
2259 1707 2474 1773 Unum
2505 1707 2862 1772 Innocentii
2893 1707 2959 1771 Π
2989 1705 3393 1792 privilegium

513 1807 600 1893 (n.
635 1808 704 1894 2)
751 1810 1019 1875 traditur
1062 1812 1125 1873 in
1169 1811 1390 1875 Cencii
1436 1814 1770 1877 camerarii
1816 1811 2037 1876 codice
2081 1810 2506 1876 Riccardiano
2553 1814 2678 1876 228
2710 1834 2757 1876 s.
2789 1810 2962 1875 XIII
3011 1808 3146 1897 [BJ.
3213 1812 3395 1894 Apo-

513 1913 762 1997 grapha
806 1936 887 1979 ex
934 1914 1055 1980 hoc
1098 1915 1320 1980 codice
1368 1915 1750 2000 deprompta
1795 1917 2238 2001 praeterimus.

513 2083 591 2145 *1
2908 2088 3309 2169 (1073—85)

515 2187 945 2275 Gregorius
990 2190 1122 2254 VII
1167 2193 1460 2258 concedit
1518 2199 1719 2257 totam
1780 2199 2015 2258 terram
2086 2192 2290 2273 illam,
2360 2213 2524 2277 quac
2583 2200 2682 2257 cst
2733 2193 2855 2256 sita
2911 2193 2973 2256 in
3031 2192 3174 2256 loco
3222 2214 3283 2276 q.
3332 2190 3392 2257 d.

513 2291 788 2356 Planum
828 2295 914 2373 de
962 2296 1137 2361 fonte
1185 2297 1337 2362 Saxi
1383 2319 1584 2383 prope
1629 2299 2107 2363 monasterium.

717 2403 899 2460 Laud.
935 2406 997 2458 in
1031 2423 1084 2459 n.
1113 2414 1159 2461 2.
1196 2440 1267 2450 -
1305 2407 1439 2479 Rcy.
1474 2408 1581 2463 JL.
1620 2436 1700 2462 -.

511 2522 556 2585 2
2472 2529 2797 2594 Laterano
2845 2531 3010 2592 1140
3052 2528 3191 2591 iun.
3227 2530 3307 2590 11

514 2627 1022 2696 Innocentius
1066 2632 1134 2697 II
1200 2633 1528 2718 Stephano
1597 2633 1815 2699 abbati
1883 2640 2037 2698 etc.:
2117 2635 2574 2698 monasterium
2655 2656 2703 2696 s.
2757 2632 3142 2715 Mamiliam,
3221 2630 3392 2715 quod

515 2735 735 2817 utique
791 2736 961 2799 sedis
1007 2745 1210 2819 apost.
1265 2740 1418 2802 iuris
1463 2740 1744 2821 exsistit,
1806 2738 1921 2802 sub
1981 2746 2186 2823 apost.
2247 2739 2646 2822 protectione
2706 2738 2998 2822 suscipit,
3061 2736 3396 2800 confirmat

520 2839 957 2920 possessiones
1009 2843 1282 2924 propriis
1336 2863 1675 2927 expressas
1719 2842 2078 2925 vocabulis,
2133 2844 2297 2907 inter
2357 2863 2516 2926 quas
2573 2848 2775 2906 totam
2836 2847 3070 2906 terram
3130 2840 3193 2903 in
3246 2839 3390 2902 loco

514 2964 574 3026 q.
622 2943 684 3006 d.
729 2941 1005 3008 Planum
1051 2946 1131 3010 de
1179 2947 1353 3012 fonte
1401 2946 1574 3028 Saxi,
1621 2970 1659 3012 a
1703 2946 2017 3032 Gregorio
2052 2947 2183 3010 VH
2224 2948 2315 3029 (n.
2350 2948 2418 3029 1)
2466 2948 2524 3010 ei
2557 2966 2945 3027 concessam,
2991 2950 3058 3009 et
3101 2941 3394 3007 concedit

512 3048 609 3110 ius
667 3047 949 3133 eligendi
1005 3050 1327 3116 abbatem.
1381 3088 1466 3097 —
1527 3052 1845 3128 Quoniam
1899 3054 2035 3117 sine
2094 3074 2305 3117 verae.
2394 3052 2542 3117 Dat.
2605 3053 2748 3116 Lat.
2807 3073 2868 3134 p.
2925 3071 3010 3113 m.
3085 3048 3393 3112 Aimerici

518 3148 581 3214 S.
614 3150 692 3216 R.
725 3151 799 3216 E.
848 3152 1008 3217 diac.
1058 3155 1228 3219 card.
1278 3162 1345 3220 et
1388 3177 1595 3240 canc.,
1666 3162 1702 3221 3
1737 3156 1820 3220 id.
1868 3158 2024 3241 iun.,
2072 3157 2200 3221 ind.
2237 3161 2306 3239 3,
2375 3158 2494 3222 inc.
2543 3156 2604 3220 d.
2652 3177 2709 3219 a.
2751 3160 2944 3234 1140,
3000 3159 3173 3238 pont.
3222 3173 3279 3215 v.
3328 3150 3389 3214 d.

514 3254 870 3320 Innocentii
914 3279 1020 3342 pp.
1068 3259 1138 3322 Π
1184 3280 1241 3323 a.
1281 3265 1376 3323 11.

513 3453 593 3507 Re
678 3369 773 3507 αἶ
824 3369 868 3432 f.
906 3373 1043 3424 333⁴.
1097 3399 1164 3409 —
1216 3370 1356 3425 Edd.
1393 3371 1660 3441 Pfluqu.
1698 3373 1839 3426 Acta
1874 3372 1953 3425 II
1977 3379 2071 3428 315
2118 3390 2175 3426 n.
2198 3379 2311 3428 351.
2385 3371 2896 3427 Fabre-anhoem
2933 3368 3007 3422 11
3033 3374 3101 3422 42
3145 3382 3202 3422 n.
3226 3373 3276 3420 8.
3327 3395 3394 3404 —-

589 3471 639 3522 9.
772 3497 782 3508 .
819 3461 973 3510 8098.
2289 3486 2294 3492 -

1123 3700 1633 3768 monasterium
1683 3719 1739 3768 s.
1772 3701 2160 3785 Augustini
2203 3701 2288 3768 de
2334 3702 2570 3768 Monte
2616 3700 2791 3768 alto.

726 3854 827 3918 Ex
890 3858 1240 3942 privilegiis
1294 3859 1649 3924 Innocentii
1693 3859 1795 3923 ΠΙ
1864 3865 1929 3924 et
1982 3859 2279 3945 Gregorii
2325 3860 2424 3925 IX
2479 3861 2932 3943 comperimus,
2992 3857 3114 3921 hoc
3168 3876 3389 3920 mona-

514 3959 772 4022 sterium
822 3982 870 4021 s.
904 3960 1243 4046 Augustini
1274 3965 1571 4046 primum,
1618 3965 1934 4029 nescimus
1967 3970 2183 4028 tamen
2230 3986 2353 4047 quo
2404 3972 2712 4047 tempore,
2760 3965 2822 4027 in
2853 3963 3073 4027 Monte
3105 3959 3390 4026 Castello

513 4061 866 4145 conditum,
933 4066 1327 4149 temporibus
1393 4069 1630 4132 Leonis
1684 4068 1783 4131 IX
1848 4075 1960 4132 aut
2026 4068 2382 4132 Alexandri
2442 4068 2510 4131 11
2579 4069 2642 4130 in
2708 4066 2996 4131 Montem
3065 4063 3391 4129 Gentilem

514 4166 887 4231 translatum
946 4168 1160 4233 fuisse.
1250 4171 1459 4235 Huius
1506 4172 1935 4236 translationis
1991 4174 2368 4236 memoriam
2430 4171 2639 4236 adhuc
2692 4177 2948 4236 servant
3008 4169 3151 4232 loca
3195 4166 3393 4232 Sanco

512 4271 815 4350 Aqostino
872 4272 1112 4336 vecchio
1169 4281 1234 4338 et
1289 4273 1474 4339 Sant'
1507 4275 1811 4357 Ayostino
1870 4296 2072 4340 nuovo
2125 4274 2298 4340 haud
2355 4275 2577 4359 procul
2633 4275 2714 4339 ab
2776 4272 3012 4358 oppido
3075 4272 3389 4336 Montalto

513 4372 576 4436 di
622 4373 849 4438 Castro
895 4374 1005 4460 (cf.
1052 4376 1260 4441 Lubin
1304 4401 1367 4464 p.
1402 4382 1557 4462 226,
1614 4382 1720 4465 qui
1777 4387 1988 4445 tamen
2051 4381 2197 4445 huic
2241 4381 2631 4444 monasterio
2687 4378 2939 4443 titulum
2984 4399 3032 4439 s.
3067 4375 3386 4438 Anastasii

511 4475 893 4563 adscripsit).

727 4584 1095 4671 Antiquitus
1140 4588 1437 4652 monachi
1482 4590 1773 4674 regulam
1806 4612 1853 4653 s.
1886 4590 2225 4655 Benedicti
2270 4589 2542 4673 professi
2588 4595 2654 4653 et
2683 4588 2981 4653 libertate
3027 4607 3066 4649 a
3095 4584 3391 4649 Romana

512 4690 791 4768 ecclesia
829 4698 1136 4775 percepta
1179 4695 1384 4778 gavisi
1427 4700 1603 4778 sunt,
1664 4716 1780 4778 pro
1837 4716 1963 4779 qua
2017 4696 2198 4758 annis
2243 4695 2508 4781 singulis
2567 4692 2826 4758 obolum
2882 4710 3077 4755 unum
3123 4707 3387 4753 aureum

512 4792 651 4856 sedi
695 4794 1088 4876 apostolicae
1132 4798 1603 4881 persolverunt,
1659 4798 1870 4882 prouti
1917 4818 2000 4862 ex
2045 4798 2402 4863 Innocentii
2447 4797 2554 4861 III
2610 4795 2946 4881 privilegio
3005 4799 3187 4878 patet
3245 4788 3390 4872 (sed

512 4896 576 4959 in
634 4896 852 4962 Cencii
911 4899 1105 4964 Libro
1160 4921 1461 4965 censuum
1518 4901 1580 4965 S.
1617 4901 1694 4967 R.
1737 4901 1810 4965 E.
1869 4903 2097 4965 notitia
2164 4901 2243 4966 de
2299 4922 2368 4966 re
2428 4902 2661 4966 frustra
2717 4896 3091 4984 quaeritur).
3194 4894 3387 4957 Inno-

513 5003 789 5066 centium
835 5002 905 5065 Π
950 5003 1290 5069 Albarensi
1336 5005 1552 5070 abbati
1594 5006 2075 5090 dispositionem
2119 5006 2307 5070 huius
2351 5007 2721 5071 monasterii
2752 5005 3164 5084 commisisse,
3210 5000 3387 5065 salvo

513 5113 726 5169 tamen
788 5108 923 5171 iure
980 5109 1372 5192 apostolicae
1433 5110 1630 5193 sedis,
1688 5130 1879 5193 quum
1938 5108 2017 5171 ad
2069 5110 2204 5174 eius
2260 5111 2354 5172 ius
2401 5116 2466 5173 et
2509 5110 2971 5193 proprietatem
3017 5109 3386 5192 pertineret,

512 5210 921 5277 Innocentius
952 5211 1054 5275 III
1085 5213 1150 5276 in
1180 5214 1487 5298 rescripto
1528 5214 1611 5278 ad
1641 5213 2068 5278 Albarensem
2100 5211 2399 5276 abbatem
2432 5214 2625 5277 misso
2659 5211 2984 5297 (Potthast
3004 5211 3170 5295 Reg.
3196 5215 3386 5299 2568,
