4055 6069
1695 502 1911 561 Civitas
1948 505 2285 563 Portuensis
2593 504 2600 509 ’
3347 516 3416 577 21

547 678 632 739 13
2828 685 2997 747 1049
3039 683 3228 764 april.
3259 688 3347 749 22

546 783 708 847 Leo
755 781 854 847 lx
907 781 1179 847 Iohanni
1233 782 1538 849 Portuen.
1588 786 1742 850 eccl.
1790 786 2087 869 antistiti,
2147 806 2187 849 a
2231 786 2388 851 sede
2437 786 2828 852 Tuscanensi
2873 788 2958 852 ad
3002 786 3428 855 Portuensem

548 885 856 952 translato
906 892 1057 953 etc.:
1127 887 1462 953 confirmat
1515 890 1955 973 episcopatum
2010 891 2316 955 Portuen.
2374 911 2519 954 cum
2581 891 2874 955 omnibus
2920 894 3429 976 possessionibus

544 991 919 1056 nominatim
950 992 1298 1057 illustratis.
1324 1033 1408 1040 —
1439 992 1947 1078 supplicantium
2023 993 2376 1059 desideriis.
2448 993 2701 1059 Subscr.
2744 1001 2819 1061 16
2846 1016 2947 1080 ep.
2985 996 3160 1060 ·Dat.
3194 1002 3270 1062 10
3296 997 3425 1062 kal.

545 1095 698 1159 maii
761 1118 822 1180 p.
879 1117 962 1160 m.
1020 1095 1203 1161 Petri
1266 1097 1427 1161 diac.
1488 1097 1643 1161 bibl.
1709 1103 1776 1161 et
1836 1119 2009 1162 canc.
2079 1120 2128 1161 s.
2188 1103 2394 1182 apost.
2455 1099 2651 1183 sedis,
2723 1122 2780 1164 a.
2831 1099 2890 1163 d.
2946 1101 3182 1165 Leonis
3223 1100 3427 1164 VIIII

637 1249 649 1263 .
843 1200 972 1264 ind.
1007 1203 1066 1264 2.

542 1220 629 1283 pp
698 1196 945 1367 [lima.
972 1313 1146 1367 buum
1171 1312 1416 1383 Greqm-ii
1440 1312 1543 1366 ‚rx
1564 1329 1614 1367 a.
1643 1319 1765 1368 1236
1788 1330 1910 1382 (my.
1937 1320 2024 1367 21.-
2062 1312 2116 1367 Β
2131 1315 2173 1380 f-
2200 1318 2333 1369 243¹.
2395 1315 2479 1385 [ο
2495 1315 2538 1380 f-
2565 1323 2675 1370 1:26.
2705 1322 2815 1370 145.
2875 1315 2935 1369 D
2956 1315 2999 1380 f.
3026 1321 3140 1370 182.
3196 1314 3255 1369 Ε
3274 1315 3316 1380 f.
3349 1323 3424 1370 18.

553 1396 639 1449 Μι
674 1397 716 1462 f.
741 1405 807 1453 85
839 1404 887 1452 et
923 1399 1016 1452 M·
1049 1400 1092 1466 f.
1120 1408 1215 1455 150
1238 1400 1376 1455 Eoec.
1432 1399 1499 1453 N
1524 1399 1569 1464 f.
1593 1403 1641 1454 6¹
1666 1400 1846 1470 Ech.
1884 1431 1950 1440 —
1987 1401 2139 1455 Edd.
2175 1401 2624 1470 Uqhelli11142,·
2664 1404 2685 1434 ²
2711 1402 2753 1454 I
2781 1410 2877 1457 120
2898 1417 2962 1455 ex
2987 1401 3040 1454 B
3062 1425 3125 1446 =
3153 1401 3428 1455 Laderclu:

550 1482 600 1535 S.
645 1484 900 1539 Caeciliae
942 1487 1071 1556 τίη).
1108 1493 1236 1542 acta
1270 1486 1351 1539 II
1380 1494 1428 1554 5,
1467 1509 1532 1532 =
1569 1487 1712 1540 Bau.
1761 1486 1917 1541 Rom.
1956 1487 2036 1541 ed.
2087 1487 2420 1556 Coequelines
2455 1489 2498 1542 Ι
2524 1495 2625 1543 368
2679 1505 2732 1541 n.
2764 1494 2824 1542 12
2863 1511 2924 1532 =
2975 1488 3118 1542 Ball.
3156 1488 3308 1542 Rom.
3346 1487 3424 1542 ed.

552 1569 714 1625 Taur.
765 1571 806 1624 I
826 1580 922 1627 594
968 1590 1023 1627 n.
1050 1582 1124 1640 12,
1178 1597 1241 1619 =
1281 1573 1473 1627 Mansi
1512 1573 1670 1626 XIX
1701 1579 1807 1627 680
1840 1590 1894 1626 n.
1924 1581 2001 1639 14,
2058 1597 2121 1619 ---
2162 1574 2469 1643 Coppelletti
2505 1575 2546 1628 Ι
2574 1582 2668 1629 505
2705 1574 2842 1627 Eme.
2873 1572 3087 1627 Marini
3127 1573 3272 1641 Pap.
3296 1572 3423 1641 dipl.

549 1673 601 1724 p.
630 1662 698 1710 84
732 1674 786 1712 n.
814 1666 883 1712 49
916 1675 983 1713 ex
1020 1659 1075 1712 B
1105 1682 1169 1705 =
1206 1659 1395 1729 Miqne
1420 1659 1682 1714 CXLIII
1710 1666 1811 1716 598
1844 1678 1899 1714 n.
1930 1668 1973 1715 7.
2009 1691 2076 1700 -
2116 1661 2283 1732 Reqy.
2313 1662 2572 1716 Casimiro
2614 1664 2627 1695 ¹
2647 1679 2706 1730 p.
2733 1668 2843 1715 272.
2869 1668 2966 1714 274
2981 1680 2999 1726 ,·
3038 1663 3134 1728 ¹1²·
3162 1668 3279 1716 380.
3305 1667 3422 1716 383.

544 1743 740 1809 Hosler
775 1743 883 1798 Die
915 1744 1200 1800 deutsch‘en
1234 1745 1432 1813 Piipste
1468 1745 1541 1799 II
1566 1752 1674 1800 371.
1746 1747 1973 1816 Auvray
2007 1746 2082 1800 11
2109 1755 2202 1802 591
2240 1764 2294 1802 n.
2319 1755 2467 1804 3551.
2522 1750 2583 1805 J.
2619 1754 2757 1803 3165.
2817 1747 2926 1802 JL.
2963 1753 3112 1802 4163.

539 1899 662 1962 *14
2967 1907 3304 1968 1020—24

542 2003 896 2069 Calixtus
940 2006 1010 2070 II
1063 2007 1376 2091 decernit,
1430 2006 1855 2071 Portuensem
1902 2006 1961 2071 b.
2007 2007 2254 2091 Ypoliti
2313 2013 2380 2072 et
2423 2031 2503 2071 ss.
2535 2008 2808 2073 Rufinae
2866 1906 3335 2073 et(Secundae?
3357 2009 3420 2070 in

542 2107 716 2172 Silva
760 2109 1053 2175 Candida
1098 2112 1405 2176 ecclesias
1450 2109 1566 2173 sub
1612 2111 1795 2174 unius
1826 2110 2289 2196 gubernatione
2322 2113 2621 2176 antistitis
2666 2113 2994 2197 perpetuis
3026 2111 3421 2197 temporibus

540 2234 938 2296 permanere.

745 2323 927 2379 Laud.
981 2325 1043 2378 in
1086 2325 1232 2378 bulla
1281 2326 1523 2393 Greyorii
1560 2326 1656 2381 IX
1706 2344 1758 2381 a.
1798 2334 1930 2382 1236
1983 2343 2104 2395 any.
2145 2335 2178 2381 2
2223 2326 2468 2380 Potthast
2532 2326 2657 2395 Ray.
2696 2333 2856 2381 10217
2896 2326 3132 2395 (Uyhelli
3170 2330 3187 2360 ¹
3224 2326 3266 2378 I
3296 2333 3421 2393 104,-

545 2413 566 2443 ²
603 2411 645 2463 Ι
673 2418 739 2466 89
774 2410 847 2464 ad
881 2429 932 2467 a.
961 2418 1085 2467 1120
1098 2432 1117 2479 ;
1151 2413 1381 2483 Auvray
1414 2413 1482 2466 II
1511 2421 1613 2469 594
1648 2431 1705 2469 n.
1733 2417 1910 2479 3558).
1949 2444 2015 2453 —
2055 2414 2180 2483 Req.
2217 2413 2325 2469 JL.
2364 2444 2446 2468 -.

536 2566 659 2629 *15
2963 2570 3301 2632 1154—59

535 2670 981 2737 Hadrianus
1024 2672 1121 2739 IV
1166 2676 1502 2741 confirmat
1529 2677 1906 2740 Portuensis
1939 2683 2006 2741 et
2036 2675 2250 2741 Silvae
2284 2674 2615 2741 Candidae
2649 2571 3063 2741 ecclesiagum
3095 2571 3416 2737 uniongm.

740 2782 918 2837 Laud.
954 2789 1015 2838 ut
1048 2800 1219 2853 supra
1252 2801 1305 2840 n.
1334 2794 1411 2840 14.
1452 2817 1515 2827 -
1557 2786 1689 2856 Req.
1725 2786 1832 2841 JL.
1872 2816 1954 2842 —.

1592 3026 1859 3095 Civitas
1903 3026 2355 3096 Portuensis.

745 3170 1118 3234 Portuensis
1164 3170 1386 3234 civitas
1440 3168 1523 3233 ad
1570 3169 1838 3254 Tyberis
1891 3171 2168 3234 fluminis
2213 3169 2433 3235 fauces
2478 3168 2762 3252 condita,
2811 3168 3205 3253 temporibus
3250 3168 3413 3234 Gre-

441 3321 452 3331 .
531 3275 695 3357 gorii
734 3275 831 3339 IV
875 3296 915 3338 a
961 3272 1296 3339 Saracenis
1342 3273 1677 3338 devastata
1724 3273 1893 3359 (Lib.
1929 3273 2153 3357 pontif.
2190 3273 2291 3337 ed.
2323 3272 2669 3339 Duchesne
2715 3273 2782 3338 II
2817 3274 2947 3358 81),
2995 3296 3033 3337 a
3063 3274 3284 3338 Leone
3317 3272 3413 3336 IV

532 3378 826 3442 restituta
879 3385 945 3443 et
1002 3378 1216 3445 Corsis
1270 3400 1353 3441 ex
1412 3377 1673 3442 Corsica
1728 3378 1937 3442 insula
1982 3377 2064 3441 ab
2113 3377 2357 3442 eisdem
2390 3375 2726 3442 Saracenis
2778 3383 3089 3461 occupata
3133 3376 3410 3441 Romam

530 3481 918 3567 fugientibus
980 3483 1315 3567 privilegio
1373 3482 1722 3567 pontificali
1778 3502 2083 3547 concessa
2143 3488 2241 3546 est
2301 3479 2389 3566 (n.
2422 3480 2507 3567 1).
2605 3480 2734 3546 Sed
2797 3501 2876 3545 ne
2930 3502 3096 3546 nova
3150 3479 3408 3566 quidem

530 3587 690 3652 haec
744 3587 967 3650 civitas
1011 3588 1380 3670 permansit.

744 3760 1117 3825 Portuensis
1161 3760 1435 3825 civitatis
1485 3781 1696 3845 neque
1749 3761 1985 3826 veteris
2041 3782 2250 3846 neque
2303 3782 2507 3827 novae
2553 3766 3036 3825 monumentum
3080 3760 3281 3824 ullum
3325 3759 3407 3823 ad

526 3883 643 3926 nos
686 3864 997 3948 pervenit.

528 4019 606 4083 *1
3131 4024 3317 4105 (852)

527 4125 685 4189 Leo
732 4123 829 4189 IV
880 4123 1097 4188 Corsis
1146 4124 1551 4208 „pontificale
1597 4124 1770 4209 quod
1816 4124 2167 4189 secundum
2212 4124 2596 4207 promiserat
2638 4132 3055 4210 praeceptum
3102 4126 3184 4190 ob
3230 4147 3404 4191 sere-

528 4229 930 4293 nissimorum
974 4227 1268 4292 Lotharii
1314 4233 1382 4292 et
1424 4228 1734 4293 Ludovici
1780 4230 2094 4293 maiorum
2142 4231 2624 4313 imperatorum,
2647 4252 2957 4315 suamque
3003 4231 3190 4294 simul
3234 4252 3405 4295 mer-

528 4332 752 4397 cedem
798 4336 1307 4417 perpetuamque
1366 4334 1740 4398 memoriam
1799 4338 2221 4418 praeceptum
2276 4335 2518 4417 emisit,
2582 4333 2705 4398 hoc
2764 4329 3024 4400 scilicet
3060 4342 3283 4401 tenore
3340 4342 3407 4399 et

527 4436 762 4520 placito
822 4437 1213 4521 anteposito,
1272 4443 1344 4501 ut
1406 4436 1652 4501 tamdiu
1703 4438 1956 4502 firmum
2000 4459 2265 4504 manere
2311 4458 2387 4502 ac
2433 4437 2695 4520 stabile,
2766 4461 3097 4525 quousque
3144 4446 3403 4504 sanctae

527 4539 696 4604 sedis
740 4538 1141 4624 praesulibus
1170 4541 1539 4626 populoque
1569 4541 1865 4606 Romano
1910 4544 1975 4605 in
2020 4544 2262 4607 cunctis
2294 4541 2711 4608 oboedientes
2755 4563 2831 4607 ac
2875 4543 3101 4610 fideles
3134 4545 3403 4610 exsiste-

525 4651 694 4720 rent;
754 4650 820 4708 et
874 4645 945 4729 si,
1005 4644 1179 4727 quod
1223 4644 1416 4729 absit,
1465 4667 1719 4710 omnem
1765 4647 2099 4730 praecepti
2153 4647 2386 4712 seriem
2439 4647 2968 4733 irrefragabiliter
3018 4670 3145 4712 non
3192 4655 3401 4713 custo-

528 4747 762 4832 dirent,
830 4750 1142 4813 sancitum
1211 4755 1309 4814 est
1363 4751 1428 4814 in
1486 4749 1750 4835 eodem,
1795 4758 1867 4815 ut
1911 4771 2182 4815 vacuum
2243 4757 2310 4814 et
2361 4752 2551 4817 inane
2596 4754 2918 4817 consistat.
3006 4751 3401 4836 Locaver0‚

526 4874 691 4937 quae
738 4853 833 4917 eis
877 4853 1029 4918 data
1074 4860 1220 4917 sunt
1273 4859 1339 4918 et
1383 4876 1421 4919 a
1467 4854 1674 4917 missis
1717 4853 2189 4939 pontificalibus
2234 4858 2609 4942 consignata
2653 4863 2786 4921 tam
2834 4879 2916 4922 ex
2958 4858 3217 4941 proprio
3264 4858 3401 4922 iure

526 4957 958 5022 ecclesiastico
1035 4979 1354 5043 quamque
1423 4959 1888 5023 venerabilium
1963 4962 2527 5042 monasteriorum,
2602 4961 2798 5025 immo
2867 4966 2935 5026 et
3007 4960 3399 5050 singulorum

523 5060 871 5145 hominum,
920 5063 1027 5147 qui
1070 5063 1321 5126 finitimi
1353 5061 1768 5146 exsistebant,
1813 5066 1880 5127 in
1909 5084 2211 5128 concesso
2263 5066 2355 5128 eis
2400 5065 2745 5150 pontificali
2780 5065 3117 5151 privilegio
3148 5065 3399 5148 specia-

523 5163 669 5229 liter
712 5164 1034 5250 adscripta
1079 5164 1437 5249 leguntuff.

728 5274 912 5330 Laud.
936 5276 999 5329 in
1035 5275 1155 5330 Vita
1178 5274 1373 5330 Leonis
1396 5275 1493 5330 Ν
1517 5275 1662 5343 (ω.
1679 5276 1880 5345 pontif.
1906 5275 2297 5333 ed.1>uchesm
2322 5279 2396 5332 11
2413 5281 2547 5348 126).
2569 5309 2641 5318 -
2667 5278 2828 5348 3099.
2854 5279 2915 5335 J.
2941 5286 3093 5335 1980.
3120 5278 3230 5332 JE.
3256 5286 3397 5335 2617.
