4055 6069
1551 482 1697 540 Mon.
1734 501 1775 539 s.
1801 482 2015 539 Mariae
2052 482 2327 539 Farfense.
3298 489 3377 549 57

1817 851 2059 919 Farfa.

1463 973 1973 1042 nonasterium
2019 990 2078 1041 s.
2125 971 2410 1041 Mariae.

704 1150 1046 1209 Mabillon
1098 1153 1242 1209 Anu.
1288 1155 1399 1209 ord.
1449 1173 1490 1210 s,
1525 1154 1817 1211 Benedicti
1867 1156 1886 1187 ¹
1921 1154 1976 1208 Π
2008 1155 2212 1225 44sq.;
2277 1156 2298 1187 ²
2342 1155 2393 1208 11
2444 1157 2509 1210 41
2532 1173 2612 1224 sq.
2667 1185 2732 1195 —
2788 1154 3004 1209 Lubin
3058 1171 3113 1223 p.
3152 1153 3266 1208 127.
3316 1181 3381 1191 —

496 1241 656 1311 (Spe
678 1239 942 1307 randio)
979 1239 1189 1297 Sabina
1223 1258 1389 1311 sagra
1424 1258 1456 1296 e
1490 1241 1727 1312 profana
1762 1260 1816 1312 p.
1853 1241 1952 1297 138
1970 1260 2052 1311 sq.
2110 1273 2174 1282 -
2225 1242 2289 1298 G.
2324 1240 2602 1297 Colucci
2652 1240 2915 1296 Memorie
2960 1240 3226 1297 istoriche
3270 1240 3382 1296 del-

498 1327 537 1381 1*
555 1327 745 1383 antica
768 1326 941 1383 badia
977 1326 1034 1382 di
1059 1326 1226 1382 Far-fa
1262 1326 1513 1397 disposte
1535 1328 1686 1384 nella
1713 1327 1854 1384 serie
1891 1329 1976 1383 de’
2013 1329 2135 1385 suoi
2159 1328 2318 1384 abati
2354 1328 2442 1383 in:
2479 1329 2636 1385 Delle
2661 1328 2947 1384 antichita
2972 1327 3173 1384 Picene
3198 1327 3382 1383 XXXI

502 1413 719 1480 (Ferme
758 1414 928 1492 1797).
979 1444 1038 1454 -
1086 1414 1484 1470 G.Marocco
1524 1414 1870 1472 Monumenti
1909 1416 1962 1470 II
2001 1416 2100 1472 175
2119 1434 2200 1485 sq.
2250 1446 2313 1455 -
2360 1415 2423 1481 G.
2449 1416 2760 1472 Marocco
2795 1413 2999 1471 Istoria
3033 1416 3125 1472 del
3163 1415 3382 1472 celebre

502 1499 761 1571 imperial
796 1504 1110 1558 monastero
1146 1502 1408 1557 Farfense
1445 1502 1644 1569 (Roma
1683 1502 1854 1572 1834).
1908 1534 1976 1542 -
2030 1504 2104 1558 Μ.
2128 1502 2382 1558 Marini
2417 1501 2568 1558 Serie
2605 1503 2959 1574 cronologica
2994 1500 3148 1574 degli
3184 1501 3382 1557 abbati

500 1587 590 1642 del
624 1590 940 1643 monastero
978 1587 1034 1642 di
1074 1588 1240 1643 Farfa
1275 1588 1476 1658 (Roma
1514 1588 1683 1658 1836).
1708 1619 1776 1629 —
1812 1590 1914 1645 Mo
1929 1589 2076 1646 roni
2112 1589 2429 1645 Dizionario
2465 1589 2652 1644 XXIII
2692 1589 2787 1645 181
2810 1609 2890 1659 sq.
2920 1621 2979 1629 ——
3008 1591 3071 1644 A.
3096 1588 3383 1645 Dantier

499 1673 603 1729 Les
636 1677 976 1730 monasteres
1025 1674 1375 1731 benedictina
1411 1675 1635 1731 d'Italie
1672 1678 1693 1710 ²
1721 1675 1901 1744 (Paris
1939 1678 2093 1744 1867)
2130 1677 2182 1730 ΙΙ
2217 1677 2319 1732 477
2335 1695 2415 1746 sq.
2442 1708 2508 1715 —
2544 1677 2603 1731 Ε.
2628 1676 2976 1732 Bernabei
3011 1675 3198 1732 Storia
3233 1676 3382 1731 della

497 1759 666 1815 badia
710 1759 769 1816 di
805 1761 972 1816 Farfa
1019 1761 1078 1817 in
1114 1760 1324 1817 Sabina
1359 1762 1449 1831 (cf.
1487 1762 1652 1816 Arch.
1696 1765 1827 1817 stor.
1865 1762 1986 1818 ital.
2022 1762 2134 1818 Ser.
2162 1763 2241 1817 III
2281 1766 2319 1818 t.
2347 1763 2503 1817 XXV
2539 1780 2588 1818 a.
2619 1763 2751 1818 1877
2788 1782 2843 1834 p.
2869 1764 3011 1830 498).
3047 1792 3110 1803 -
3151 1761 3214 1818 G.
3242 1761 3382 1817 Pal-

499 1847 696 1903 mieri
733 1848 885 1905 Serie
923 1848 1075 1920 degli
1112 1848 1308 1904 abbati
1346 1848 1405 1904 di
1440 1848 1606 1904 Farfa
1642 1848 1725 1904 in:
1775 1850 1822 1903 Il
1859 1849 2132 1906 Muratori
2167 1850 2193 1904 Ι
2229 1850 2427 1915 (Roma
2465 1849 2638 1918 1892).
2674 1880 2742 1890 -
2780 1850 2843 1908 G.
2870 1848 3201 1906 Palmieri
3238 1848 3378 1904 Con·

497 1934 713 1990 tributo
748 1934 866 1990 alla
901 1935 1078 1991 storia
1114 1934 1204 1991 del
1241 1937 1558 1991 monastero
1595 1934 1652 1990 di
1687 1935 1857 1990 Farfa
1892 1935 1968 1992 ib.
1994 1937 2064 1990 H.
2102 1936 2183 1991 III
2221 1936 2553 2005 (1893—95).

707 2126 1169 2192 Monasterium
1217 2149 1265 2191 s.
1295 2126 1542 2192 Mariae
1589 2130 1654 2191 in
1691 2126 1889 2192 fundo
1919 2127 2238 2192 Acutiano
2285 2129 2586 2193 territorii
2618 2126 2988 2193 Sabinensis
3033 2126 3378 2210 conditum,

496 2237 567 2295 ut
611 2229 843 2313 fertur,
888 2252 928 2295 a
971 2232 1322 2296 Laurentio
1370 2232 1673 2316 episcopo
1719 2230 1912 2315 Syre,
1962 2230 2356 2316 temporibus
2402 2232 2634 2296 Iuliani
2678 2231 3117 2315 imperatorie,
3180 2228 3295 2294 sed
3341 2251 3380 2294 a

494 2333 785 2398 barbaris
831 2333 1139 2417 dirutum,
1197 2333 1408 2399 denuo
1469 2358 1508 2400 a
1552 2334 1803 2399 Thema
1846 2334 2281 2401 Maurianensi
2328 2335 2444 2400 sub
2500 2335 2799 2420 auspiciis
2841 2334 3142 2399 Faroaldi
3201 2333 3380 2398 ducis

494 2437 825 2523 Spoletani
872 2458 1037 2503 saec.
1068 2437 1202 2503 VII
1247 2458 1350 2502 ex.
1399 2444 1826 2503 constructum
1883 2446 1949 2503 et
1992 2439 2322 2503 monachis
2367 2441 2546 2503 iuxta
2597 2439 2888 2523 regulam
2949 2461 2996 2501 s.
3042 2437 3378 2503 Benedicti

493 2540 851 2607 viventibus
895 2541 1303 2605 commissum
1348 2541 1468 2605 fuit
1512 2540 1598 2626 (V.
1630 2541 1920 2607 Libellus
1951 2544 2436 2607 constructionis
2464 2542 2720 2608 Farfen.
2767 2548 3026 2606 auctore
3060 2562 3377 2626 anonymo

492 2644 810 2710 monacho
876 2645 1171 2711 Farfensi
1240 2665 1406 2711 saec.
1450 2645 1550 2710 IX
1604 2647 1671 2710 in
1723 2647 1891 2711 Acta
1950 2645 2064 2711 SS.
2113 2646 2249 2712 ord.
2307 2670 2354 2711 s.
2406 2645 2744 2712 Benedicti
2788 2646 2823 2708 I
2864 2649 2983 2711 231
3018 2668 3143 2730 sq.;
3202 2645 3376 2710 Mon.

494 2748 714 2815 Germ.
762 2748 895 2814 Ser.
942 2749 1041 2813 XI
1087 2753 1211 2815 523
1239 2772 1366 2831 sq.;
1434 2750 1701 2815 Balzani
1757 2751 1814 2815 Il
1868 2751 2235 2816 Chronicon
2287 2751 2599 2816 Farfense
2643 2749 2770 2814 vol.
2811 2750 2845 2813 I
2898 2751 2964 2813 in
3018 2748 3210 2813 Fonti
3262 2770 3380 2834 per

491 2855 556 2918 la
601 2854 800 2918 storia
845 2852 1102 2918 d'Italia
1146 2853 1450 2919 XXXIII
1502 2860 1529 2918 1
1568 2854 1712 2939 sq.).
1802 2855 2094 2919 Primum
2149 2854 2229 2919 ab
2284 2854 2623 2919 abbatibus
2677 2876 2760 2920 ex
2803 2851 3375 2938 Langobardorum

490 2965 684 3045 gente
752 2964 995 3022 rectum
1065 2963 1132 3023 et
1190 2980 1229 3022 a
1284 2957 1550 3023 ducibus
1601 2957 1997 3044 Spoletanis,
2069 2980 2340 3045 quorum
2406 2958 2523 3023 sub
2584 2959 2785 3023 tutela
2850 2957 3092 3040 floruit,
3161 2956 3378 3020 multis

493 3061 944 3128 donationibus
988 3068 1280 3145 auctum,
1335 3062 1908 3149 Langobardorum
1974 3086 2173 3150 regno
2222 3064 2612 3148 collabente,
2668 3062 3035 3128 Hadrianus
3079 3062 3114 3124 I
3158 3084 3215 3125 a.
3252 3065 3373 3124 774

494 3166 610 3232 sub
645 3166 926 3230 dominio
973 3166 1344 3250 pontificum
1374 3167 1811 3233 Romanorum
1845 3168 2228 3254 subiugavit,
2274 3168 2389 3234 sed
2420 3169 2613 3255 paulo
2658 3173 2804 3253 post
2848 3167 3116 3232 Carolus
3158 3164 3246 3229 M.
3294 3165 3377 3230 ad

493 3291 763 3355 regnum
824 3268 1399 3355 Langobardorum
1456 3274 1811 3356 revocavit,
1870 3274 2089 3358 sicque
2150 3274 2606 3338 monasterium
2674 3271 2986 3336 Farfense
3054 3269 3170 3334 sub
3225 3291 3374 3355 pro-

493 3375 771 3439 tectione
839 3374 1299 3460 imperatorum
1358 3376 1666 3440 remansit
1728 3398 1930 3462 usque
1999 3378 2083 3442 ad
2150 3398 2318 3443 saec.
2372 3377 2536 3453 XII,
2607 3383 2674 3441 et
2730 3375 3046 3461 potentia,
3118 3373 3375 3456 divitiis,

497 3476 918 3563 amplitudine
965 3479 1235 3563 aliisque
1283 3481 1749 3564 praerogativis
1793 3483 2068 3566 primum
2124 3482 2261 3547 fere
2320 3482 2486 3547 inter
2544 3480 2774 3546 Italiae
2829 3479 3120 3544 abbatias
3165 3479 3374 3543 locum

493 3581 785 3647 obtinuit.
883 3581 1155 3647 Circiter
1219 3604 1277 3647 a.
1328 3588 1492 3649 1000
1552 3605 1784 3648 novam
1843 3584 2361 3650 cluniacensium
2404 3585 2899 3667 institutionem,
2955 3582 3261 3649 Silvestre
3307 3582 3377 3646 Π

493 3684 900 3751 collaudante
955 3684 1044 3770 (n.
1087 3685 1212 3772 15),
1267 3688 1518 3773 accepit
1569 3685 1679 3772 (cf.
1725 3687 1801 3752 E.
1835 3688 2085 3754 Sackur
2140 3689 2264 3754 Die
2308 3689 2766 3755 Cluniacenser
2809 3689 2843 3752 I
2890 3691 3013 3752 350
3045 3690 3188 3772 sq.).
3287 3689 3378 3753 At

492 3812 678 3872 vere,
748 3810 945 3874 quum
1014 3797 1277 3876 propter
1321 3792 1574 3876 imperii
1629 3795 2152 3858 extenuationem
2201 3792 2468 3858 abbates
2511 3793 2951 3857 Romanorum
3002 3792 3373 3876 pontificum

493 3894 715 3959 ditioni
782 3915 851 3958 se
916 3893 1339 3978 dedidissent,
1409 3917 1552 3960 cum
1626 3895 1922 3962 libertate
1993 3899 2305 3982 paulatim
2366 3898 2630 3982 pristina
2690 3897 2978 3981 potentia
3040 3896 3373 3981 gloriaque

491 3999 722 4083 privati
753 4004 916 4063 sunt.
984 3998 1125 4062 Iam
1150 3998 1322 4083 apud
1352 3999 1731 4083 Deusdedit,
1765 3999 2071 4066 Albinum
2103 4007 2170 4066 et
2199 4002 2504 4067 Oeneium
2534 4001 2839 4087 legimus:
2878 3999 3375 4083 „Monasterium

492 4101 803 4168 Farfense
846 4100 908 4165 b.
941 4102 1123 4167 Petri
1169 4104 1320 4167 iuris
1367 4111 1491 4185 est,
1559 4106 1858 4189 quoniam
1923 4107 1990 4170 in
2051 4107 2187 4171 eius
2241 4106 2626 4191 patrimonio
2686 4112 2753 4170 et
2808 4105 3128 4170 territorio
3182 4104 3371 4169 situm

493 4204 629 4270 est“
676 4203 1085 4291 (Martinucci
1130 4229 1191 4291 p.
1227 4211 1380 4284 3153
1440 4207 1630 4272 Wolf
1666 4229 1724 4272 v,
1773 4207 2071 4274 Glanvell
2128 4232 2190 4295 p.
2235 4215 2387 4287 353;
2445 4208 3055 4275 Fabre-Duchesne
3118 4208 3151 4272 Ι
3213 4211 3371 4283 346;

493 4309 572 4373 cf.
618 4309 660 4373 1.
694 4329 748 4373 c.
794 4308 830 4372 I
874 4313 999 4377 243
1047 4332 1132 4376 ex
1175 4310 1515 4396 Polyptico
1561 4311 1902 4378 Benedicti
1948 4317 2263 4398 canonici,
2318 4323 2389 4381 ut
2442 4320 2627 4400 putat
2679 4311 3071 4397 Duchesne).
3160 4312 3372 4398 Magis

492 4411 826 4498 magisque
873 4435 1232 4495 senescens,
1279 4413 1620 4480 abbatibus
1663 4417 2227 4483 commendatariis
2273 4417 2492 4502 datur,
2545 4420 2713 4482 inter
2758 4438 2918 4502 quos
2960 4415 3369 4480 Franciscum

492 4513 662 4578 card.
717 4514 1051 4581 Barberini
1121 4538 1724 4596 commemoramus3
1785 4528 2014 4606 postea
2071 4523 2401 4587 monachis
2456 4522 2826 4588 Teutonicis
2890 4517 3367 4585 reformandum

493 4617 908 4682 committitur
966 4618 1074 4704 (cf.
1133 4620 1195 4686 J.
1238 4620 1591 4687 Schmidlin
1642 4622 1766 4687 Ein
1811 4623 2063 4711 Kampf
2106 4647 2214 4690 um
2276 4625 2392 4690 das
2447 4625 2873 4690 Deutschtum
2931 4625 3017 4686 im
3078 4622 3365 4688 Kloster·

494 4719 685 4786 leben
731 4721 1015 4787 Italiens.
1107 4721 1381 4789 Subiaco
1441 4726 1570 4791 und
1615 4726 1813 4792 Farfa
1856 4729 1943 4792 im
1995 4732 2093 4794 16.
2127 4728 2566 4794 Jahrhundert
2608 4730 2701 4793 in:
2749 4727 2991 4792 Hister.
3038 4724 3368 4791 Jahrbuch

491 4824 718 4890 XXIV
756 4830 831 4890 15
857 4848 950 4911 sq.
999 4829 1122 4891 254
1149 4851 1243 4914 sq.
1293 4833 1417 4893 558
1450 4832 1603 4915 sq.);
1660 4830 1936 4916 denique
1983 4834 2210 4896 transit
2254 4831 2337 4896 ad
2383 4832 2948 4918 congregationem
2995 4850 3042 4891 s.
3087 4827 3369 4891 Iustinae

493 4927 574 4991 de
618 4928 866 5009 Padua,
915 4950 1079 5013 quae
1126 4933 1582 4997 monasterium
1627 4954 1828 5018 usque
1875 4933 1959 4997 ad
2004 4936 2519 5019 suppressionem
2565 4934 2752 4997 rexit.

703 5133 1029 5199 Farfensis
1084 5140 1454 5202 monasterii
1514 5139 1875 5223 archivum,
1945 5140 2095 5204 olim
2166 5143 2332 5207 inter
2399 5143 2613 5206 omnia
2665 5139 3233 5223 locupletissimum
3306 5145 3371 5201 et

494 5236 901 5317 ditissimum,
972 5239 1306 5304 innumera
1373 5247 1439 5305 et
1499 5261 1722 5325 regum
1779 5243 2368 5329 imperatorumque
2440 5243 2793 5329 diplomata
2860 5262 2935 5305 ac
2998 5240 3368 5327 pontificum
