4055 6069
652 430 776 497 212
1910 378 1915 383 ’
1972 427 2213 486 Latium.

1591 672 1911 741 Ecclesia
1954 689 2012 739 s.
2043 672 2310 741 Mariae
2354 671 2606 740 Novae.

864 795 1055 861 Hanc
1086 795 1426 860 ecclesiam
1474 817 1531 860 a.
1570 799 1733 862 1080
1766 818 1805 862 a
1834 796 2097 861 Bitervo
2141 796 2518 882 presbytero
2566 803 2634 861 et
2660 795 2881 861 Leone
2914 794 3215 860 fratribus
3246 794 3532 862 dotatam

651 920 824 983 esse,
890 921 974 965 ex
1016 902 1330 965 memoria
1376 903 1440 965 in
1484 900 1700 986 lapide
1745 922 2107 966 marmoreo
2154 902 2390 985 scripta
2436 899 2610 986 (edd.
2656 900 2845 964 Bussi
2889 921 2950 984 p.
2986 903 3095 976 87;
3143 897 3532 985 Oappelletti

648 1002 747 1067 VI
791 1007 903 1081 923
977 1002 1231 1089 Ciampi
1287 1027 1348 1089 p.
1397 1008 1550 1081 285;
1619 1005 1955 1070 Oristofori
2014 1028 2078 1090 p.
2112 1009 2236 1069 244
2294 1011 2424 1069 not.
2472 1003 2541 1090 2)
2595 1010 2661 1069 et
2714 1024 2797 1068 ex
2842 1003 3225 1068 documento
3273 1025 3330 1067 a.
3371 1007 3531 1070 1080

650 1106 789 1172 dec.
829 1110 904 1171 13
974 1105 1150 1190 (edd.
1215 1108 1419 1172 Orioli
1481 1110 1547 1172 in
1600 1107 1907 1174 Giornale
1961 1108 2258 1174 arcadico
2323 1106 2673 1173 CXXXVI
2732 1111 2885 1183 180;
2953 1108 3208 1192 Oiampi
3264 1130 3327 1193 p.
3372 1111 3530 1185 282;

648 1209 829 1274 Pinzi
864 1210 1077 1275 Storia
1107 1210 1141 1273 I
1172 1214 1253 1276 99
1285 1212 1446 1297 not.)
1480 1212 1843 1278 edocemur.
1918 1213 2232 1298 Ecclesia,
2281 1214 2433 1277 olim
2465 1211 2831 1298 collegiata,
2877 1233 2916 1276 a
2947 1211 3066 1276 Pio
3098 1212 3158 1276 V
3191 1233 3532 1298 suppressa

648 1321 716 1378 et
762 1315 1075 1380 ecclesiae
1121 1315 1477 1381 cathedrali
1519 1316 1698 1382 unita
1744 1324 1842 1383 est
1887 1316 1997 1403 (cf.
2030 1318 2217 1382 Bussi
2262 1339 2324 1402 p.
2359 1321 2471 1393 64;
2519 1316 2665 1382 Tito
2697 1315 2890 1401 Egidi
2920 1317 2984 1379 in
3012 1315 3211 1400 Rosa,
3259 1314 3530 1381 Strenua

644 1416 990 1485 Viterbese
1035 1440 1154 1504 per
1197 1418 1410 1485 l‘anno
1463 1424 1626 1486 1885
1672 1443 1735 1506 p.
1772 1426 1853 1487 50
1878 1420 2022 1506 sq.).

862 1574 1288 1661 Temporibus
1344 1575 1527 1642 Petri
1582 1576 1868 1642 Coretini
1925 1577 2253 1642 archivum
2311 1575 2623 1641 ecclesiae
2684 1598 2732 1638 s.
2764 1574 3010 1640 Mariae
3069 1574 3293 1641 Novae
3337 1575 3526 1640 valde

645 1677 1026 1764 locupletius
1087 1680 1237 1758 fuit;
1308 1681 1675 1746 continebat
1730 1681 1898 1745 enim
1943 1679 2301 1746 Alexandri
2346 1680 2452 1743 III
2503 1680 2939 1765 privilegium,
2996 1678 3230 1744 frustra
3284 1700 3435 1744 vero
3490 1701 3529 1743 a

645 1782 832 1846 nobis
894 1784 1254 1868 quaesitum
1321 1784 1427 1869 (cf.
1476 1784 1652 1849 Gott.
1699 1785 1934 1851 Nachr.
1989 1790 2143 1852 1901
2198 1805 2261 1869 p.
2295 1784 2469 1869 206).
2561 1776 2743 1860 Quae
2789 1790 3158 1869 supersunt,
3215 1783 3408 1848 hodie
3463 1784 3527 1847 in

646 1885 904 1950 archivo
975 1888 1288 1953 ecclesiae
1356 1888 1743 1954 cathedralis
1806 1890 2210 1954 inveniuntur
2276 1886 2386 1973 (ef.
2453 1886 2644 1973 Egidi
2711 1909 2772 1972 p.
2811 1890 2946 1972 17);
3006 1908 3212 1971 pauca
3273 1875 3528 1951 exstant

645 2010 905 2075 quoque
960 1993 1025 2055 in
1070 1992 1210 2077 ipsa
1257 1993 1529 2057 ecclesia
1575 2015 1625 2055 s.
1657 1993 1901 2058 Mariae
1947 1992 2194 2057 Novae.

641 2110 721 2173 *1
2704 2109 2949 2176 Viterbo
2995 2113 3164 2174 1181
3209 2110 3321 2177 iul.
3359 2114 3438 2175 15

641 2197 1089 2280 Alexander
1132 2215 1237 2280 III
1293 2218 1615 2281 canonicis
1660 2240 1708 2283 s.
1749 2218 1995 2283 Mariae
2041 2217 2293 2282 Novae:
2355 2215 2674 2301 approbat
2729 2215 3019 2301 regulam
3074 2214 3135 2280 b.
3161 2215 3524 2299 Augustini.

642 2357 727 2366 —
770 2317 922 2384 Dat.
954 2319 1230 2385 Viterbii
1276 2320 1381 2385 die
1439 2327 1510 2385 15
1542 2322 1679 2386 iulii
1725 2329 1900 2407 pont.
1947 2343 2005 2387 a.
2042 2325 2144 2386 22.

850 2420 1037 2477 Laud.
1075 2440 1110 2477 α
1146 2423 1210 2479 Ρ.
1242 2422 1479 2478 Corett‘ni
1503 2440 1564 2493 p.
1589 2432 1695 2481 112.
1720 2431 1830 2480 210.
1885 2424 2144 2479 Mariani
2178 2422 2265 2478 De
2299 2421 2536 2478 Etruria
2568 2422 2840 2491 metropoli
2866 2439 2925 2491 p.
2951 2428 3061 2477 267.
3132 2421 3298 2475 Bassi
3323 2438 3382 2490 p.
3408 2429 3526 2476 100.

641 2539 709 2547 —
746 2508 873 2577 Περ.
909 2507 1017 2563 JL.
1053 2540 1137 2564 —.

638 2613 683 2675 2
2782 2612 3028 2678 Viterbo
3074 2612 3245 2676 1192
3285 2613 3436 2677 mai.

642 2717 916 2783 Oeneius
963 2717 1027 2783 S.
1058 2718 1138 2783 R.
1171 2718 1245 2783 E.
1294 2718 1576 2783 subdiac.
1624 2725 1690 2784 et
1735 2719 1795 2784 d.
1843 2719 2219 2786 celestini
2262 2719 2367 2783 HI
2410 2741 2518 2804 pp.
2573 2719 2824 2802 legatus
2870 2717 3091 2783 definit
3136 2718 3314 2782 litem
3361 2718 3526 2781 inter

643 2822 1082 2908 episcopatum
1141 2829 1208 2888 et
1268 2825 1551 2908 priorem
1611 2845 1660 2888 e.
1693 2823 1938 2889 Mariae
1982 2824 2209 2890 Novae
2265 2823 2345 2888 de
2393 2822 2665 2888 ecclesia
2723 2846 2770 2887 s.
2804 2822 3049 2887 Mariae
3096 2820 3523 2886 castellionis.

640 2962 726 2972 —
768 2925 1005 2990 Actum
1053 2933 1152 2991 est
1193 2926 1317 2991 hoe
1360 2925 1534 3012 apud
1581 2928 1920 2992 eeclesiam
1966 2950 2014 2993 s.
2048 2927 2293 2992 Mariae
2340 2926 2421 2991 de
2467 2925 2669 2991 Cella.

845 3034 955 3091 Εᾱ.
982 3038 1147 3093 mesi
1161 3056 1221 3108 p.
1245 3048 1343 3094 441
1364 3056 1422 3093 n.
1445 3046 1514 3094 σο
1537 3054 1604 3093 ex
1624 3044 1831 3108 autom.
1865 3040 1930 3093 a·
1956 3039 2256 3094 Secretaria
2290 3037 2374 3092 aaz
2398 3037 2652 3092 Pubbzcco
2687 3036 2778 3109 (cf.
2794 3054 2853 3106 p.
2882 3038 3020 3106 360).
3046 3067 3113 3076 -
3141 3034 3271 3107 Ray.
3297 3036 3414 3093 JL.
3441 3067 3522 3090 -.
3623 3020 3630 3025 “

1018 3124 1139 3180 Hoc
1174 3126 1590 3191 documentum,
1628 3125 1784 3181 euius
1821 3126 2238 3198 autographum
2271 3123 2503 3196 periisse
2539 3124 2776 3189 videtur,
2812 3122 3092 3178 Turriozzi
3132 3142 3186 3194 p.
3210 3123 3278 3180 89
3313 3121 3523 3193 aliique

847 3208 905 3263 in
949 3210 1183 3267 dubium
1221 3216 1554 3268 revocarunt
1613 3216 1844 3283 propter
1885 3211 2352 3283 subscriptionem
2395 3210 2647 3267 Rainerii
2681 3210 2989 3266 Viterbien.
3027 3208 3296 3281 episcopi.
3369 3210 3525 3265 Hanc

845 3299 1045 3366 postea
1080 3297 1335 3352 additam
1370 3296 1540 3370 fuisse
1578 3298 1943 3354 concedimus.

1655 3487 1977 3556 Ecclesia
2021 3505 2078 3555 s.
2107 3488 2514 3557 Fortunati.

850 3618 1041 3684 Hanc
1072 3620 1433 3703 eeclesiam,
1479 3618 1561 3684 ab
1606 3622 1744 3706 ipso
1776 3621 2151 3686 Alexandro
2184 3620 2288 3684 ΠΙ
2334 3619 2695 3710 dedicatam
2730 3617 2818 3703 (n.
2861 3617 2942 3702 1),
2989 3618 3395 3684 Innocentius
3422 3617 3522 3682 IV

636 3742 695 3786 a.
734 3725 897 3787 1244
945 3725 1094 3788 mai.
1132 3728 1170 3789 6
1216 3725 1414 3809 priori
1470 3730 1536 3788 et
1591 3723 1892 3789 fratribus
1946 3723 2083 3788 ord.
2130 3721 2657 3789 praedicatorum
2704 3721 3016 3786 eeclesiae
3063 3744 3110 3785 s.
3144 3719 3388 3786 Mariae
3435 3720 3519 3785 ad

635 3823 893 3890 Gradus
938 3827 1257 3891 commisit
1308 3826 1639 3911 (Potthast
1691 3827 1856 3913 Reg.
1911 3828 2166 3913 11370).
2267 3826 2422 3891 Eius
2466 3827 2720 3912 patroni
2776 3845 2920 3890 eam
2967 3846 3024 3889 a.
3063 3828 3225 3891 1369
3272 3826 3517 3890 monia-

634 3915 801 3993 libus
857 3952 906 3994 s.
938 3930 1186 3996 Mariae
1243 3931 1324 3996 de
1370 3931 1685 3996 Paradiso
1740 3938 2067 3997 cesserunt
2119 3930 2250 4016 (ed.
2299 3929 2633 3995 cristofori
2686 3929 2782 3994 Le
2835 3928 3053 3993 tombe
3108 3927 3211 3994 dei
3257 3930 3409 4014 papi
3453 3929 3520 3991 in

633 4031 905 4099 Viterbo
951 4056 1013 4119 p.
1044 4039 1169 4100 426
1213 4056 1275 4099 n.
1309 4035 1439 4122 65).

635 4170 713 4232 *1
2478 4170 2726 4236 Viterbo
2771 4170 2969 4254 (1181
3015 4170 3430 4252 ium—any.)

632 4271 1088 4339 Alexander
1136 4275 1241 4340 III
1306 4278 1370 4340 in
1439 4278 1804 4342 reversione
1871 4299 1987 4342 sua
2051 4273 2401 4361 (venetiis)
2470 4276 2645 4340 venit
2701 4273 3061 4340 Viterbium
3131 4281 3199 4339 et
3265 4272 3521 4338 dedicat

633 4376 972 4442 ecelesiam
1019 4400 1067 4443 s.
1100 4377 1437 4443 Fortunati
1480 4380 1776 4465 precibus
1819 4379 2259 4447 Ildebrandini
2303 4377 2794 4464 Roseguidonis.

634 4564 751 4635 Rey
796 4479 1139 4622 J(LGo—t1'fredi
1173 4478 1475 4551 viterbien.)
1531 4481 1814 4554 catalogus
1857 4482 2061 4551 pontif.
2120 4481 2276 4538 Rom.
2333 4498 2421 4549 ap.
2477 4482 2630 4536 Mon.
2681 4478 2855 4536 Germ.
2902 4478 3014 4535 Sor.
3062 4478 3260 4533 XXII
3293 4483 3400 4534 351.
3449 4510 3514 4519 —

1667 4704 1936 4774 Civitas
1983 4704 2489 4773 viterbiensis.

850 4833 1146 4899 Castrum
1193 4835 1327 4898 sive
1375 4841 1545 4899 terra
1574 4834 1852 4900 Viterbii
1896 4855 1935 4899 a
1977 4833 2301 4900 Gelestino
2333 4834 2457 4919 III,
2503 4840 2576 4899 ut
2619 4834 2914 4920 diximus,
2962 4835 3235 4899 civitatis
3278 4855 3515 4900 nomen

631 4937 970 5022 aequisivit
1014 4936 1101 5022 (n.
1135 4936 1222 5024 4).

845 5074 921 5139 In
968 5074 1283 5140 tabulario
1331 5077 1636 5162 civitatis,
1695 5076 1806 5141 ubi
1859 5084 2122 5163 praeter
2170 5079 2512 5165 „Archivio
2559 5077 2972 5163 diplomatico
3028 5076 3135 5142 del
3179 5077 3510 5143 Oomune“

628 5177 779 5243 inde
824 5178 908 5243 ab
954 5199 1011 5243 a.
1052 5183 1247 5264 1040,
1294 5179 1555 5245 archiva
1600 5181 2014 5246 ecclesiarum
2062 5189 2130 5246 et
2160 5182 2691 5247 monasteriorum
2725 5202 3209 5266 suppressorum
3254 5188 3518 5266 recepta
