4055 6069
955 434 1328 509 Episcopatus
1365 435 1733 497 viterbiensis
1770 443 1829 497 et
1865 437 2234 499 Tuscanensis
2274 473 2335 483 -
2372 439 2518 500 Eccl.
2555 462 2596 499 s.
2623 444 2931 502 Laurentii.
3252 446 3381 514 209

869 733 1194 802 EcclesIa
1237 734 1628 819 collegiata
1671 737 1957 823 (postea
2000 735 2473 825 cathedralis)
2519 754 2577 807 s.
2608 738 3006 809 Laurentii.

709 883 1067 949 Ecclesiam
1101 907 1149 948 s.
1175 886 1506 950 Laurentii
1536 907 1728 972 super
1757 888 1952 951 ruinis
1984 889 2209 973 templi
2238 888 2539 953 Herculis
2567 895 2849 956 erectam
2878 910 3043 973 esse,
3089 898 3382 956 auctores

494 986 938 1053 viterbienses
994 988 1335 1054 affirmant.
1457 990 1588 1055 Sed
1638 992 1846 1076 prima
1922 992 2002 1057 de
2070 1014 2148 1058 ea
2213 994 2442 1059 notitia
2508 1001 2684 1059 certa
2752 995 3072 1058 invenitur
3147 995 3210 1057 in
3283 995 3381 1058 in-

494 1098 846 1157 strumento
894 1092 1171 1177 quodam
1216 1093 1512 1159 Farfensi
1555 1113 1614 1159 a.
1649 1099 1773 1161 805
1819 1094 2012 1183 (Reg.
2058 1097 2233 1162 Farf.
2283 1098 2428 1163 edd.
2477 1097 2703 1184 Giorgi
2749 1119 2784 1162 e
2829 1098 3096 1163 Balzani
3140 1098 3210 1162 II
3261 1103 3380 1163 176

493 1217 555 1260 n.
603 1195 751 1281 178)
812 1203 879 1261 81
937 1197 1002 1260 in
1055 1197 1294 1262 Leonis
1337 1197 1436 1262 IV
1490 1199 1826 1285 privilegio
1872 1200 2202 1267 Virobono
2261 1224 2362 1288 ep.
2432 1202 2824 1268 Tuscanensi
2882 1222 3214 1283 concesso,
3273 1202 3381 1267 ubi

494 1300 662 1364 inter
689 1301 1128 1385 possessiones
1156 1301 1579 1367 Tuscanensis
1612 1302 2020 1390 episcopatus
2050 1304 2326 1391 legimus
2374 1306 2579 1391 „infra
2607 1313 2884 1371 castrum
2916 1328 2976 1392 q.
3011 1305 3072 1370 d.
3103 1304 3380 1370 Viterbii

492 1402 754 1488 plebem
799 1426 848 1467 s.
879 1404 1271 1471 Laurentii“.
1361 1405 1464 1470 Ex
1516 1406 1709 1492 plebe
1756 1428 1923 1473 saec.
1970 1408 2107 1473 XII
2149 1411 2268 1494 in.‚
2312 1417 2385 1475 ut
2425 1411 2698 1496 videtur,
2745 1409 2917 1475 facta
2962 1416 3062 1475 881
3108 1409 3381 1474 ecclesia

494 1506 1149 1593 archipresbyteralis,
1195 1530 1279 1575 ex
1325 1510 1927 1596 archipresbyterali
1971 1532 2029 1578 a.
2069 1515 2253 1598 1192,
2301 1513 2628 1579 Celestino
2662 1514 2767 1578 III
2811 1513 3099 1598 iubente,
3160 1514 3379 1579 cathe-

495 1611 710 1677 dralis.
2016 1642 2034 1665 ·

706 1786 1056 1851 Archivum
1095 1789 1313 1874 magni
1358 1791 1545 1873 pretii
1594 1795 1805 1855 exstat
1849 1790 2060 1855 adhuc
2103 1811 2303 1875 penes
2348 1792 2705 1855 canonicos.
2795 1789 2950 1854 Eius
2997 1789 3381 1854 documenta

493 1888 641 1953 inde
702 1888 783 1954 ab
838 1911 895 1954 a.
949 1894 1106 1956 1031
1168 1913 1370 1977 usque
1427 1892 1512 1958 ad
1567 1914 1624 1957 a.
1664 1899 1826 1960 1300
1881 1894 2171 1981 vulgavit
2224 1895 2591 1980 nuperrime
2651 1895 2725 1959 P.
2758 1893 2950 1979 Egidi
2996 1894 3069 1957 L’
3096 1894 3377 1958 archivio

493 1992 665 2057 della
728 1994 1081 2085 cattedrale
1140 1995 1203 2060 di
1253 1995 1523 2063 Viterbe
1583 1999 1679 2061 in:
1756 1998 2111 2063 Bullettino
2174 1997 2322 2063 dell’
2359 1999 2616 2062 Istituto
2693 2005 2844 2062 stor.
2911 1997 3045 2062 ital.
3113 1996 3379 2062 XXVII

494 2095 732 2183 (Roma
781 2081 1104 2185 ¹566)...-

705 2219 783 2282 In
843 2219 967 2284 hoc
1029 2221 1286 2286 archivo
1353 2229 1612 2307 praeter
1681 2222 2067 2289 documenta
2133 2222 2217 2288 ad
2278 2224 2486 2307 ipsam
2556 2244 2603 2286 s.
2645 2222 2977 2287 Laurentii
3038 2222 3378 2287 ecclesiam

492 2324 846 2406 spectantia
891 2323 1309 2391 adservantur
1355 2333 1419 2391 et
1463 2325 1723 2392 chartae
1755 2328 2205 2393 Universitatis
2250 2327 2404 2391 cleri
2435 2324 2860 2392 Viterbiensis
2903 2324 3126 2411 (Egidi
3170 2348 3232 2409 p.
3271 2326 3377 2413 12)

491 2433 558 2491 81
587 2427 971 2493 documenta
1002 2449 1086 2493 ex
1115 2429 1374 2494 archivo
1420 2431 1733 2497 ecclesiae
1765 2432 2147 2516 collegiatae
2180 2453 2229 2494 s.
2264 2429 2595 2515 Stephani,
2641 2431 2808 2495 inter
2839 2450 3004 2516 quae
3036 2431 3376 2515 registrum

491 2552 659 2596 saec.
707 2530 889 2615 XIV,
969 2533 1141 2617 quod
1208 2533 1571 2599 inscribitur
1624 2535 1888 2601 Oatasto
1960 2533 2024 2598 di
2093 2534 2157 2599 S.
2201 2533 2466 2599 Stefano
2526 2532 2636 2619 (cf.
2681 2533 2947 2618 Ughelli
2997 2534 3020 2573 ¹
3066 2534 3101 2597 I
3137 2534 3173 2571 ²²
3223 2538 3375 2612 307;

494 2635 521 2673 ²
552 2635 820 2713 11403;
876 2636 1069 2722 Egidi
1112 2659 1175 2723 p.
1214 2643 1292 2702 14
1316 2638 1461 2724 sq.)‚
1526 2647 1594 2705 et
1644 2640 2065 2704 instrumenta
2122 2660 2204 2704 ex
2257 2639 2451 2704 variis
2495 2638 2900 2703 monasteriis
2966 2643 3032 2703 et
3092 2638 3378 2702 ecclesiis

490 2734 1004 2807 viterbiensibus
1049 2739 1270 2825 (Egidi
1315 2765 1377 2827 p.
1417 2747 1493 2807 17
1519 2742 1663 2829 sq.).

703 2861 969 2926 Archivi
1013 2862 1257 2928 indices
1300 2862 1614 2929 habemus
1661 2864 1840 2947 duos,
1887 2865 2343 2949 inventarium,
2400 2863 2572 2950 quod
2610 2884 2777 2928 saec.
2808 2862 3011 2927 XVII
3055 2864 3377 2948 congessit

489 2965 865 3031 Dominicus
894 2965 1103 3054 Magri
1135 2966 1353 3054 (Egidi
1384 2990 1447 3054 p.
1483 2967 1606 3055 19),
1655 2975 1721 3033 81
1747 2968 2047 3054 indicem,
2094 2990 2284 3056 quem
2332 2990 2537 3055 nuper
2566 2967 2720 3033 fecit
2748 2965 2930 3032 Giac.
2959 2968 3372 3053 Bevilacqua‚

490 3071 717 3135 sollers
761 3091 928 3135 nunc
972 3071 1214 3172 archivi
1260 3077 1473 3136 custos
1519 3071 1739 3158 (Egidi
1786 3094 1849 3157 p.
1884 3071 2013 3158 20).

702 3190 804 3257 Β8
852 3192 1178 3258 codicibus
1220 3192 1652 3258 bibliothecae
1700 3195 2149 3259 canonicorum
2196 3192 2277 3259 cf.
2309 3194 2385 3258 L.
2416 3193 2629 3259 Dorez
2659 3194 2893 3259 Latino
2937 3194 3153 3258 Latini
3200 3200 3266 3257 et
3309 3192 3372 3255 la

486 3294 928 3381 bibliotheque
992 3296 1368 3381 capitulaire
1429 3296 1511 3362 de
1556 3296 1824 3363 Viterbe
1889 3300 1985 3362 in:
2045 3296 2270 3363 Revue
2327 3296 2442 3362 des
2497 3296 2975 3382 bibliotheques
3027 3296 3099 3360 ΙΙ
3143 3294 3372 3381 (1892)

489 3402 611 3464 337
640 3421 734 3485 sq.
783 3398 846 3463 V
890 3398 1117 3485 (1895)
1164 3404 1287 3466 237
1314 3421 1439 3486 sq.;
1483 3400 1675 3488 Egidi
1719 3424 1781 3487 p.
1816 3405 1918 3466 24.

690 3571 745 3625 Α
795 3594 858 3617 =
896 3570 1050 3643 Orig.
1087 3570 1321 3627 Viterbe
1358 3573 1522 3628 Arch.
1562 3572 1890 3643 capitolare.

486 3698 525 3756 1
2450 3696 2772 3761 Laterano
2817 3695 2986 3759 1139
3029 3715 3167 3761 nov.
3201 3698 3284 3758 18

484 3798 994 3864 Innocentius
1039 3799 1110 3863 11
1165 3801 1371 3865 Azoni
1416 3800 1805 3885 archipresb.
1853 3806 2006 3865 etc.:
2066 3799 2358 3865 concedit
2403 3800 2740 3864 ecclesiam
2789 3823 2838 3865 s.
2870 3798 3228 3883 Valentini,
3285 3797 3366 3863 ab

484 3924 562 3969 eo
608 3903 1116 3989 reaedificatam,
1170 3910 1243 3969 ut
1287 3925 1433 3969 eam
1478 3909 1663 3988 regat
1717 3924 1791 3969 ac
1838 3903 2156 3988 disponat.
2203 3943 2287 3950 —
2331 3902 2678 3968 Devotioni
2725 3909 2894 3969 tuae.
2983 3902 3126 3989 Ego
3172 3902 3366 3967 Inno-

483 4009 728 4072 centius
774 4014 895 4072 etc.
972 4006 1225 4075 Subscr.
1274 4011 1311 4070 2
1344 4008 1516 4073 card.
1583 4007 1732 4072 Dat.
1775 4007 1919 4072 Lat.
1967 4029 2030 4092 p.
2060 4029 2144 4071 m.
2190 4008 2498 4072 Aimerici
2545 4007 2610 4072 S.
2639 4006 2719 4072 R.
2752 4006 2830 4073 E.
2872 4006 3033 4071 diac.
3074 4005 3245 4071 card.
3297 4013 3364 4071 et

483 4131 680 4196 canc.‚
732 4117 808 4176 14
840 4111 969 4176 kal.
1018 4112 1178 4198 dec.‚
1223 4111 1353 4180 ind.
1388 4115 1445 4197 3,
1491 4113 1611 4176 inc.
1662 4110 1723 4175 d.
1769 4133 1827 4176 a.
1867 4115 2051 4197 1139,
2097 4118 2273 4197 pont.
2305 4132 2364 4174 v.
2398 4111 2460 4176 d.
2496 4110 2852 4176 Innocentii
2895 4132 3004 4195 pp.
3049 4110 3121 4173 ΙΙ
3167 4131 3225 4174 8.
3265 4113 3361 4174 10.

687 4240 754 4295 A.
810 4271 876 4280 —
920 4239 1064 4296 Edd.
1111 4239 1279 4296 orioli
1324 4241 1387 4294 in
1431 4240 1689 4296 Giornale
1724 4240 1974 4296 arcadico
2013 4240 2347 4296 CXXXVI
2375 4247 2481 4296 152.
2556 4239 2767 4309 Oiampi
2808 4257 2868 4309 p.
2906 4245 3007 4295 289
3049 4238 3123 4293 ad
3156 4257 3208 4293 a.
3234 4245 3364 4295 1138

479 4342 596 4383 nov.
624 4332 697 4383 13.
728 4327 1039 4468 ginosos&
1064 4345 1126 4397 p.
1150 4336 1259 4384 430
1289 4346 1346 4383 n.
1369 4335 1445 4384 67.
1504 4328 1674 4398 Eqidi
1699 4346 1759 4398 p.
1782 4334 1846 4385 53
1880 4346 1935 4385 n.
1961 4335 2040 4385 23.
2081 4359 2144 4368 —
2184 4328 2338 4398 Reyy.
2376 4327 2542 4383 Bassi
2570 4343 2626 4395 p.
2656 4334 2733 4382 92.
2805 4324 2968 4380 Pin-vi
3012 4324 3190 4394 Ospim'
3215 4343 3274 4394 p.
3304 4332 3368 4380 97

478 4419 584 4468 not.
610 4420 657 4468 2.
825 4454 837 4469 .
875 4419 1076 4469 8062α.

856 4525 1108 4582 Ecclesia
1142 4546 1186 4582 s.
1211 4527 1500 4585 Valentini
1543 4527 1600 4583 in
1647 4497 1825 4600 'burgo
1870 4527 1942 4582 ab
1980 4527 2189 4583 ettone
2225 4528 2249 4581 1
2302 4526 2435 4597 imp.
2487 4543 2536 4581 a.
2571 4526 2675 4583 967
2723 4522 3059 4581 monasterio
3113 4523 3362 4579 Farfensi

686 4612 1045 4670 confirmatur
1078 4614 1247 4684 (Mon.
1284 4615 1464 4673 Germ.
1501 4615 1653 4686 Dipl.
1688 4615 1714 4670 1
1749 4617 1852 4670 457
1888 4634 1943 4670 n.
1968 4615 2110 4682 337).

474 4755 521 4817 2
2426 4757 2749 4821 Laterano
2795 4756 2970 4818 1142
3010 4754 3200 4836 april.
3232 4757 3276 4817 3

476 4856 975 4925 Innocentius
1019 4861 1088 4924 Π
1132 4861 1336 4925 Azoni
1382 4861 1772 4946 archipresb.
1819 4867 1968 4927 etc.:
2018 4862 2357 4926 ecclesiam
2404 4884 2453 4924 s.
2494 4860 2826 4924 Laurentii
2867 4859 3195 4925 Biterben.
3242 4858 3357 4924 sub

478 4968 681 5045 apost.
727 4966 1127 5049 protectione
1174 4966 1437 5049 suscipit
1494 4972 1562 5030 et
1605 4965 1937 5030 confirmat
1981 4966 2420 5049 possessiones
2464 4964 2738 5049 propriis
2783 4983 3122 5048 expressas
3167 4984 3356 5027 voca-

476 5064 641 5130 bulis
694 5074 889 5153 atque
944 5068 1303 5133 oblationes
1359 5067 1441 5133 de
1486 5071 1646 5132 vivis
1691 5076 1759 5134 81
1802 5069 2087 5134 mortuis.
2160 5106 2238 5117 —
2307 5069 2466 5134 Piae
2518 5067 2887 5154 postulatio,
2976 5066 3118 5152 Ego
3163 5065 3356 5130 Inno-

475 5173 720 5236 centius
766 5179 887 5237 etc.
979 5171 1231 5238 Subscr.
1288 5176 1364 5237 12
1397 5172 1568 5237 card.
1644 5173 1793 5238 Dat.
1840 5173 1985 5237 Lat.
2032 5195 2094 5259 p.
2128 5194 2210 5237 m.
2276 5171 2548 5238 Gerardi
2595 5171 2657 5237 S.
2689 5171 2770 5236 R.
2802 5170 2875 5235 E.
2923 5170 3133 5256 presb.
3183 5169 3354 5234 card.

575 5309 745 5362 Kehr,
771 5308 903 5353 ltalia
926 5309 1154 5365 pontificia
1179 5313 1241 5353 11.
2983 5292 3048 5345 14
