4055 6069
929 471 1077 528 Mon.
1113 491 1157 526 s.
1183 469 1482 528 Trinitatis
1518 473 1587 529 de
1623 471 1767 529 Cora
1801 505 1868 514 —
1905 471 2054 529 Eccl.
2091 491 2133 529 s.
2163 470 2363 544 Angeli
2399 490 2569 544 supra
2605 470 2929 544 Nimpham.
3249 480 3370 542 109

1807 767 2041 835 NInfa.

1744 890 2106 961 (Nymphae)

701 1029 803 1094 De
873 1036 1083 1121 castro
1151 1028 1594 1114 Nympharum
1665 1030 1743 1094 cf.
1813 1029 1953 1095 cod.
1994 1030 2145 1094 Vat.
2211 1029 2406 1094 Barb.
2469 1033 2625 1095 1991
2700 1029 2924 1115 (ΧΧΧ
2991 1031 3104 1117 64)
3172 1032 3213 1096 f.
3258 1035 3369 1107 27;

485 1133 794 1198 Marocco
840 1133 1239 1198 Monumenti
1270 1133 1366 1197 VI
1411 1137 1490 1197 72
1524 1156 1652 1219 sq.;
1700 1134 1952 1198 Moroni
1995 1133 2363 1199 Dizionario
2408 1133 2765 1198 LXXXIX
2812 1137 2891 1198 85
2917 1157 3013 1221 sq.
3060 1174 3144 1182 —-
3187 1134 3370 1198 Nim-

484 1236 646 1321 phas
702 1246 769 1303 et
813 1237 1112 1302 Normias
1158 1258 1242 1301 ex
1288 1236 1634 1303 donatione
1679 1236 2082 1317 Constantini
2115 1238 2173 1302 V
2218 1240 2371 1323 imp.
2419 1238 2771 1303 Zachariae
2818 1260 2926 1323 pp.
2981 1238 3153 1302 facta
3199 1237 3368 1322 (Lib.

484 1342 709 1426 pontif.
744 1341 846 1406 ed.
878 1341 1222 1407 Duchesne
1256 1341 1286 1404 Ι
1319 1340 1475 1426 433)
1517 1343 1584 1405 in
1614 1341 1962 1406 dominium
1997 1341 2061 1405 b.
2093 1343 2274 1406 Petri
2304 1343 2692 1426 pervenisse,
2740 1343 2805 1406 in
2833 1343 2987 1407 Vita
3018 1342 3369 1408 Zachariae

489 1445 781 1529 legimus.
872 1444 1319 1530 Nympharum
1376 1445 1683 1530 oppidum
1738 1466 1904 1510 saec.
1947 1445 2085 1509 XII
2141 1465 2181 1508 a
2222 1445 2688 1530 Fraiapanibus
2733 1454 3113 1531 occupatum
3157 1444 3246 1531 (n.
3281 1447 3370 1532 2),

491 1547 572 1613 ab
630 1549 1006 1615 Innocentio
1061 1550 1165 1613 III
1227 1571 1284 1614 a.
1338 1553 1498 1615 1204
1554 1549 1739 1635 april.
1783 1554 1864 1614 20
1931 1550 2338 1635 redemptum
2399 1549 2509 1634 (de
2563 1572 2632 1616 re
2695 1550 2900 1615 multa
2950 1552 3373 1615 instrumenta

485 1654 1034 1739 oppignorationis
1078 1659 1146 1718 et
1190 1653 1592 1718 refutationis
1623 1660 1878 1719 exstant
1910 1654 2119 1719 adhuc
2166 1654 2229 1717 in
2260 1654 2518 1718 archivo
2551 1656 2741 1719 castri
2773 1677 2822 1718 s.
2854 1655 3092 1740 Angeli
3121 1654 3371 1719 Romae

491 1755 701 1841 (Arm.
735 1757 841 1820 III
886 1779 938 1821 c.
973 1757 1077 1822 HI
1122 1764 1189 1822 et
1232 1758 1411 1822 Arm.
1443 1757 1615 1821 XIII
1648 1778 1701 1822 c.
1733 1758 1858 1843 VI)
1905 1766 1973 1823 et
2016 1758 2190 1842 apud
2237 1756 2542 1823 Oeneium
2575 1780 2627 1823 c.
2662 1762 2764 1824 23.
2812 1762 2893 1824 26
2941 1758 3115 1843 (edd.
3148 1757 3366 1823 Mura-

490 1861 612 1923 tori
677 1861 898 1946 Antiq.
962 1860 997 1926 I
1050 1864 1195 1926 677.
1269 1865 1429 1938 493;
1496 1861 2108 1926 Fabre-Duchesne
2167 1861 2197 1924 I
2254 1866 2399 1927 256.
2456 1861 2644 1947 258),
2713 1861 2829 1925 sub
2898 1861 3213 1947 Gregorio
3272 1862 3371 1926 IX

485 1987 523 2028 a
570 1964 935 2029 consulibus
980 1972 1225 2029 rectum
1272 1964 1380 2050 (cf.
1429 1965 1730 2051 Gregorii
1777 1966 1875 2030 IX
1933 1967 2313 2049 rescriptum
2370 1986 2427 2029 a.
2470 1968 2629 2029 1232
2687 1965 2869 2050 april.
2903 1968 2940 2029 3
2987 1964 3261 2030 dominis
3307 1971 3373 2030 et

483 2069 722 2153 populo
769 2068 850 2134 de
898 2068 1257 2134 Sermineto
1303 2070 1596 2153 missum,
1645 2069 1816 2155 quod
1862 2069 2039 2134 edidi
2092 2071 2156 2133 in
2201 2069 2377 2134 Gott.
2425 2068 2659 2133 Nachr.
2713 2072 2875 2134 1902
2921 2091 2984 2154 p.
3019 2073 3144 2135 466
3190 2075 3371 2153 not),

484 2193 541 2237 a.
581 2177 743 2239 1300
790 2195 829 2238 a
874 2173 1200 2237 Bonifatio
1240 2173 1411 2237 VIII
1454 2173 1652 2239 Petro
1703 2174 1999 2240 Caietani
2058 2173 2276 2258 nepoti
2323 2192 2437 2237 suo
2485 2193 2856 2238 concessum
2904 2180 3001 2237 est
3046 2172 3375 2257 (Potthast

482 2276 646 2361 Reg.
695 2277 957 2361 24981).

702 2448 805 2514 Ex
850 2449 1150 2537 Gregorii
1193 2451 1293 2515 IX
1337 2452 1650 2537 rescripto
1698 2451 1782 2516 ad
1828 2449 2133 2516 abbatem
2178 2451 2573 2516 Marmosolii
2620 2457 2688 2516 et
2729 2452 3010 2537 priorem
3042 2473 3091 2515 s.
3123 2449 3369 2515 Mariae

490 2553 571 2618 de
638 2554 898 2619 Mirteto
968 2576 1023 2619 a.
1075 2558 1237 2620 1235
1296 2576 1445 2641 aug.
1495 2559 1575 2621 30
1633 2556 1828 2619 misso
1899 2554 2192 2640 (Auvray
2245 2556 2375 2621 Les
2432 2557 2736 2640 registres
2782 2554 2864 2619 de
2911 2553 3226 2639 Gregoire
3271 2553 3371 2617 IX

486 2663 528 2722 t.
562 2656 631 2722 H
685 2662 800 2724 153
847 2680 907 2722 n.
942 2657 1140 2744 2751)
1188 2659 1646 2742 comperimus,
1694 2659 1989 2723 consules
2035 2665 2102 2724 et
2144 2661 2454 2745 populum
2499 2658 2920 2744 Nymphanos
2964 2659 3029 2722 in
3074 2656 3369 2722 incendio

488 2769 697 2827 terrae
745 2783 899 2828 suae
945 2764 1368 2828 instrumenta
1423 2784 1704 2828 suorum·
1729 2766 2226 2829 tenimentorum
2274 2765 2580 2830 terminos
2626 2764 3015 2828 continentia
3060 2762 3369 2827 amisisse.

488 2920 527 2981 1
3086 2919 3255 2981 1110

487 3021 877 3107 Nimphisini
907 3022 966 3089 b.
1001 3023 1199 3090 Petro
1233 3031 1301 3090 et
1344 3023 1712 3090 Paschali
1758 3023 1827 3089 11
1873 3025 2139 3110 eiusque
2186 3024 2659 3091 successoribus
2704 2926 3133 3091 iuramentu(m
3162 2918 3370 3088 fidgli-

489 3128 639 3193 tatis
684 3129 943 3193 faciunt.

690 3240 925 3294 Albinus
969 3239 1054 3296 lib.
1094 3240 1156 3294 X
1189 3256 1233 3294 c.
1267 3249 1331 3295 54
1369 3241 1462 3306 (ex
1512 3196 1737 3308 registro
1772 3240 2055 3295 Paschalis
2089 3240 2169 3295 II
2211 3240 2297 3295 lib.
2326 3240 2492 3294 XIII
2527 3255 2569 3295 c.
2614 3240 2717 3308 22).
2809 3237 3034 3294 Oeneius
3074 3254 3119 3294 c.
3156 3244 3261 3294 132.
3308 3268 3375 3279 —

487 3326 632 3383 Edd.
670 3326 958 3382 Muratori
988 3327 1179 3396 Antiq.
1218 3327 1291 3381 ΙΙ
1322 3335 1379 3381 11
1416 3349 1482 3372 =
1518 3325 1748 3382 Morom'
1782 3326 2108 3382 Dizionaffo
2142 3325 2493 3381 LXXXIX
2522 3333 2603 3382 87.
2679 3324 3167 3380 Faba-Dadasa
3203 3324 3373 3379 1407.

489 3412 987 3484 -1309.J1,.-.

487 3553 524 3592 *
2917 3552 2998 3614 11
3048 3551 3261 3614 5-53

488 3554 598 3723 E2u
616 3660 906 3745 genius
950 3658 1055 3722 III
1101 3658 1349 3744 obligat
1377 3658 1618 3724 Oencio
1649 3657 1997 3742 Fraiapani
2043 3662 2110 3722 et
2155 3655 2472 3742 O(ddoni)
2517 3663 2583 3722 et
2612 3552 2922 3741 O(enciog
2958 3555 3094 3719 θξηε
3123 3554 3375 3740 119ρέῒί-

485 3761 608 3827 bus
653 3768 929 3828 castrum
976 3763 1301 3848 Nimphae
1347 3785 1464 3849 pro
1513 3765 1645 3828 800
1663 3761 1840 3826 libris
1886 3759 2032 3827 den.
2078 3762 2317 3827 Lucen.

868 3892 917 3928 v.
955 3873 1147 3941 Roma,
1184 3872 1331 3929 Gens
1367 3874 1687 3944 Fraiapana
1721 3890 1774 3929 n.
1799 3873 1852 3927 3.

1213 4133 1535 4202 Ecclesia
1588 4150 1643 4199 s.
1669 4132 1928 4217 Angeli
1989 4149 2212 4216 supra
2253 4130 2651 4215 nimpham.

1247 4253 1680 4321 (Monasterium
1714 4272 1756 4308 s,
1782 4251 1995 4309 Mariae
2032 4251 2101 4307 de
2135 4251 2326 4307 Monte
2364 4250 2621 4320 Mirteto)

705 4396 1234 4481 Antiquissimum
1300 4395 1496 4460 fuisse
1553 4417 1602 4457 s.
1657 4393 1895 4479 Angeli
1965 4392 2315 4457 oratorium
2385 4412 2577 4476 supra
2636 4389 2972 4474 Nymphas
3032 4390 3098 4454 in
3153 4381 3375 4455 Monte

493 4489 755 4565 Mirteto
812 4502 1124 4585 positum,
1193 4499 1445 4564 Mirtius
1497 4500 1563 4563 in
1617 4498 1851 4564 Chron.
1911 4494 2249 4560 Sublacen.
2306 4494 2435 4574 (ed.
2482 4492 2703 4560 Allodi
2760 4517 2823 4579 p.
2869 4493 3023 4580 489)
3076 4494 3374 4558 affirmat.

492 4602 740 4668 Eodem
786 4603 927 4668 loco
973 4605 1275 4690 legimus,
1335 4603 1673 4668 ecclesiam
1727 4602 1892 4666 hanc
1951 4622 1990 4665 a
2051 4598 2332 4685 quodam
2378 4598 2640 4684 Signino
2688 4599 2992 4684 episeopo
3038 4619 3122 4662 ex
3165 4619 3376 4683 papae

491 4708 675 4771 Lucii
723 4707 828 4771 III
885 4707 1192 4773 mandato
1254 4728 1312 4772 a.
1363 4710 1525 4772 1183
1580 4706 1690 4771 iul.
1738 4710 1818 4771 25
1875 4704 2242 4770 dedicatam
2299 4724 2440 4769 esse
2505 4710 2614 4790 „ut
2667 4702 2903 4768 docent
2953 4709 3206 4768 veteres
3251 4702 3375 4766 loci

497 4810 799 4877 tabulae“
848 4812 939 4898 (p.
975 4813 1148 4897 490).
1240 4811 1587 4878 Crescente
1635 4810 1942 4894 deinceps
1987 4829 2146 4893 erga
2190 4809 2401 4873 locum
2444 4809 2654 4892 ipsum
2684 4806 2970 4872 fidelium
3016 4805 3377 4889 devotione,

493 4914 859 5002 Hugolinus
903 4915 985 4981 de
1031 4915 1387 4981 Comitibus
1432 4936 1535 5000 ep.
1583 4912 1898 4978 Ostiensis
1943 4919 2011 4976 et
2063 4912 2553 4994 veliternensis,
2618 4913 2727 4997 qui
2770 4915 2999 4995 postea
3043 4910 3165 4974 fuit
3206 4931 3379 4994 papa

495 5018 848 5104 Gregorius
892 5019 1021 5105 IX,
1081 5018 1321 5086 ibidem
1379 5020 1839 5084 monasterium
1883 5015 2000 5080 sub
2047 5016 2232 5080 titulo
2288 5038 2337 5079 s.
2369 5015 2615 5080 Mariae
2660 5013 2898 5079 Montis
2940 5012 3185 5079 Mirteti
3228 5034 3378 5077 con-

493 5123 658 5190 didit
702 5130 768 5189 et
812 5124 1020 5189 ordini
1062 5125 1358 5190 Florensi
1403 5123 1680 5208 addixit,
1727 5124 1828 5188 cui
1874 5143 1931 5187 a.
1971 5124 2135 5186 1216
2183 5127 2307 5185 oct.
2357 5120 2701 5186 ecclesiam
2754 5143 2803 5183 s.
2835 5117 3073 5202 Angeli
3117 5117 3384 5181 contulit

493 5224 623 5311 (ed.
671 5229 971 5294 Liverani
1014 5228 1433 5314 Spicilegium
1487 5227 1903 5294 Liberianum
1948 5246 2010 5309 p.
2049 5226 2222 5310 716).
2313 5223 2812 5306 Monasterium‚
2857 5242 2897 5286 a
2940 5221 3269 5286 Friderico
3314 5219 3382 5285 11
