4055 6069
645 447 664 506 1
682 445 762 505 22
1970 445 2210 502 Latium.

1801 759 2039 825 Monte
2095 708 2363 825 circeo.

1899 881 2034 946 (Arx
2071 879 2287 945 Circea)

849 1015 1223 1074 Contatori
1260 1039 1315 1090 p.
1344 1021 1444 1075 164
1465 1038 1544 1089 sq.
1584 1051 1646 1059 -
1687 1018 1951 1075 Moroni
1988 1016 2306 1073 Dizionario
2351 1017 2539 1071 XXIII
2575 1018 2678 1072 260
2697 1035 2777 1086 sq.
2814 1047 2880 1056 —
2918 1016 3070 1071 Gius.
3108 1014 3427 1085 Capponi
3478 1014 3522 1068 11

641 1104 1018 1172 promontorio
1065 1105 1256 1162 Circeo
1301 1106 1586 1162 illustrato
1638 1124 1740 1162 con
1785 1107 1843 1161 la
1877 1105 2054 1161 storia
2090 1103 2349 1172 (velletri
2393 1104 2563 1159 1856).
2600 1135 2667 1143 -
2704 1104 2808 1158 Th.
2836 1103 2969 1158 Ash
2986 1104 3020 1158 b
3031 1121 3068 1172 y
3106 1102 3295 1157 Monte
3334 1101 3525 1157 Circco

642 1189 727 1245 in:
763 1190 1050 1262 Melanges
1088 1192 1498 1265 d'archeologie
1536 1197 1594 1248 et
1630 1192 1917 1248 d’histoire
1953 1192 2112 1246 XXV
2149 1192 2328 1260 (1905)
2369 1193 2467 1247 157
2494 1211 2575 1262 sq.

779 1366 786 1369 ’
858 1366 934 1429 In
978 1374 1196 1432 monte
1243 1368 1469 1433 Circeo
1515 1367 1932 1433 attollebatur
1977 1368 2131 1432 olim
2178 1388 2294 1430 arx
2325 1366 2572 1448 Circea,
2618 1372 2845 1450 postea
2877 1371 3153 1429 castrum
3186 1386 3234 1426 s.
3270 1363 3523 1445 Felicis,

643 1471 945 1541 omnium.
994 1492 1153 1555 quas
1183 1469 1478 1536 Romana
1512 1472 1785 1536 ecclesia
1817 1470 2054 1556 ubique
2086 1470 2421 1550 habuerat,
2454 1470 2875 1533 munitissima
2905 1465 3269 1551 (Blondus).
3339 1466 3523 1547 Eam,

641 1593 680 1635 a
732 1572 1049 1638 Paschale
1094 1575 1164 1639 II
1231 1576 1494 1659 Hugoni
1549 1577 1630 1640 de
1692 1576 1917 1640 Alatro
1980 1574 2287 1639 cardinali
2348 1575 2753 1638 commissam
2807 1571 2894 1656 (n.
2951 1569 3044 1655 1),
3099 1569 3398 1635 Gelasius
3455 1568 3523 1631 Π

640 1697 697 1739 a.
757 1679 913 1741 1118
972 1678 1536 1742 Terracinensibus
1588 1680 1864 1743 restituit
1919 1678 2007 1764 (n.
2054 1678 2139 1762 2).
2253 1679 2332 1742 A.
2372 1682 2533 1742 1134
2586 1676 2943 1740 invenimus
3003 1674 3320 1738 Marinum
3365 1672 3522 1735 For·

641 1800 861 1844 mosae
908 1802 990 1845 ex
1038 1782 1478 1847 Terracinensi
1526 1804 1764 1868 genere
1812 1782 2139 1846 dominum
2201 1783 2394 1847 totius
2445 1782 2680 1845 montis
2736 1779 2954 1844 Circes
3000 1787 3067 1842 et
3111 1778 3302 1859 arcis,
3358 1796 3523 1859 quae

640 1883 889 1967 inipso
950 1892 1048 1949 est
1115 1885 1223 1970 (cf.
1288 1894 1543 1969 pactum
1605 1909 1663 1950 a.
1707 1891 1864 1952 1134
1935 1886 2118 1971 april.
2141 1869 2235 1950 ‘30
2303 1887 2470 1949 inter
2525 1885 2843 1949 Marinum
2907 1890 2972 1949 et
3016 1882 3362 1947 Caietanos
3421 1900 3522 1961 ap.

643 1984 866 2071 Giorgi
897 1988 1064 2052 Diss.
1099 1989 1243 2053 hist.
1280 1989 1359 2053 de
1393 1991 1559 2055 cath.
1594 1992 1787 2074 episc.
1823 1989 2041 2055 Setiae
2072 2012 2134 2074 p.
2162 1993 2286 2053 225
2320 2011 2378 2053 n.
2406 1993 2444 2052 6
2478 2010 2561 2053 ex
2594 1988 2906 2052 tabulario
2940 1987 3092 2052 eccl.
3126 1982 3523 2065 Caietanae).

638 2089 719 2151 A.
774 2096 935 2154 1145
983 2092 1106 2156 ian.
1158 2095 1231 2155 31
1287 2093 1635 2157 Lucius-II
1694 2092 1952 2157 Oddoni
2009 2098 2076 2157 et
2121 2092 2341 2156 Cincio
2401 2111 2483 2155 ex
2539 2098 2731 2176 gente
2788 2091 3150 2175 Fraiapana
3208 2088 3527 2151 commisit

640 2194 993 2258 custodiam
1030 2194 1237 2260 Circei
1268 2196 1355 2281 (n.
1390 2196 1486 2281 3);
1522 2195 1751 2277 Circei,
1784 2196 1957 2272 dico;
2004 2202 2151 2259 sunt
2181 2196 2372 2277 enim,
2404 2196 2512 2280 qui
2542 2186 2938 2259 mehercule!
2973 2195 3137 2259 hanc
3168 2190 3523 2256 custodiam
3597 2278 3603 2285 ι

641 2297 924 2362 referant
988 2298 1073 2363 ad
1143 2299 1399 2364 Circum
1467 2301 1815 2365 maximum
1878 2299 2149 2364 Romae.
2269 2298 2664 2383 Fraiapanes
2730 2319 2944 2362 arcem
3003 2303 3342 2362 tenuerunt
3410 2315 3526 2379 per

642 2406 844 2464 totum
903 2403 1231 2467 saeculum
1275 2403 1439 2486 XII,
1493 2412 1565 2469 ut
1618 2410 1889 2489 apparet
1941 2425 2023 2467 ex
2086 2402 2373 2487 pluribus
2427 2401 2826 2466 documentis
2880 2400 2990 2485 (cf.
3039 2400 3523 2466 conventionem

639 2506 807 2569 inter
851 2505 1157 2571 Oeneium
1203 2507 1631 2592 Fraiapanem
1679 2516 1745 2573 et
1788 2506 2149 2573 Rainonem
2198 2506 2279 2571 de
2326 2506 2708 2588 Tusculano,
2757 2505 2858 2570 ed.
2907 2504 3091 2571 studi
3138 2527 3174 2571 e
3220 2504 3360 2568 doc.
3393 2501 3525 2566 VII

643 2610 765 2673 324
822 2630 882 2672 n.
929 2611 1038 2693 30,
1105 2617 1170 2675 et
1226 2618 1485 2696 pactum
1540 2614 1705 2677 inte‘r
1763 2612 2159 2696 Fraiapanes
2220 2616 2285 2675 et
2340 2610 2835 2675 Terracinenses
2896 2631 2952 2673 a.
2995 2611 3156 2674 1185
3202 2608 3311 2672 iul.
3352 2610 3390 2670 2
3460 2611 3526 2669 et

639 2711 813 2776 aliud
858 2734 913 2777 a.
954 2716 1115 2778 1207
1156 2722 1342 2780 mart.
1375 2718 1472 2800 18,
1519 2715 1621 2782 ed.
1652 2717 1985 2782 Contatori
2016 2739 2079 2801 p.
2120 2720 2259 2780 169.
2318 2719 2466 2791 179ς
2515 2714 2595 2779 cf.
2643 2716 2838 2779 etiam
2871 2713 3169 2799 Gregorii
3198 2711 3297 2775 IX
3342 2732 3523 2775 man-

639 2814 861 2880 datum
928 2838 985 2881 a.
1035 2821 1198 2883 1239
1252 2820 1401 2884 mai.
1446 2825 1526 2885 30
1586 2821 1888 2885 Potthast
1944 2820 2111 2906 Reg.
2180 2820 2435 2904 10750).
2535 2817 2665 2883 Sub
2722 2817 3094 2883 Alexandro
3149 2814 3248 2881 IV
3313 2815 3523 2879 locum

639 2941 687 2983 s.
722 2919 956 2985 Felicis
1009 2943 1135 2986 una
1190 2943 1334 2987 cum
1390 2924 1661 2989 ecclesia
1706 2947 1754 2989 s.
1787 2925 2035 2990 Mariae
2081 2924 2161 2988 de
2209 2922 2511 2988 Surresca
2555 2921 2917 2986 habuerunt
2968 2921 3205 2986 milites
3250 2917 3522 3003 Templi,

639 3024 747 3108 qui
805 3045 951 3089 eum
1007 3027 1314 3113 magistro
1370 3027 1648 3094 Iordano
1702 3028 1766 3094 S.
1812 3027 1892 3094 R.
1937 3028 2012 3093 E.
2075 3028 2599 3094 vicecancellario
2653 3026 3142 3112 permutationis
3195 3031 3525 3090 contractu

638 3137 968 3194 cesserunt
1016 3129 1124 3215 (cf.
1161 3133 1239 3195 A.
1274 3131 1645 3198 Gennarelli
1694 3135 1787 3198 in:
1836 3134 1892 3197 Il
1924 3133 2307 3219 Saggiatore
2336 3131 2632 3197 Romano
2664 3133 2696 3195 I
2726 3130 2954 3215 (1844)
2986 3128 3159 3215 248).
3227 3129 3523 3213 Denique

639 3231 1000 3298 Bonifatius
1030 3234 1198 3298 VIII
1241 3236 1509 3320 largitus
1555 3244 1654 3301 est
1713 3259 1770 3302 a.
1823 3242 1985 3303 1302
2025 3245 2304 3301 castrum
2351 3260 2398 3300 s.
2445 3236 2680 3301 Felicis
2723 3235 2921 3300 Petro
2967 3233 3261 3299 Caietani
3307 3233 3524 3296 comiti

639 3336 946 3403 Casertae
1006 3340 1224 3423 nepoti
1303 3362 1417 3404 suo
1484 3339 1816 3424 (Potthast
1879 3341 2047 3426 Reg.
2105 3343 2346 3414 25122;
2417 3340 2497 3404 cf.
2563 3340 2813 3404 Moroni
2867 3337 3235 3402 Dizionario
3291 3335 3526 3400 XXIII

641 3444 765 3505 260
792 3440 936 3526 sq.).

855 3614 1287 3700 Documenta,
1357 3638 1524 3703 quac
1594 3620 1940 3704 respiciunt
2006 3619 2091 3683 ad
2147 3619 2356 3682 locum
2417 3641 2465 3681 s.
2511 3617 2775 3694 Felicis,
2843 3616 3093 3680 Romae
3148 3615 3211 3678 in
3267 3612 3524 3686 archivo

640 3718 1222 3786 excellentissimae
1262 3721 1547 3786 familiae
1596 3722 1865 3787 antani
1897 3721 2343 3798 adservantur-3
2390 3722 2471 3785 cf.
2506 3719 2584 3784 G.
2618 3720 2871 3785 Carinci
2900 3721 2991 3783 in:
3038 3718 3095 3781 Il
3145 3716 3525 3803 Saggiatore

638 3821 932 3886 Romano
966 3822 1026 3886 V
1071 3822 1300 3910 (1846)
1346 3829 1470 3890 360
1495 3848 1588 3911 sq.
1637 3832 1703 3890 et
1746 3827 1837 3889 in:
1886 3825 1941 3888 Il
1988 3825 2375 3890 Buonarroti
2422 3823 2558 3888 Ser.
2608 3822 2675 3885 II
2723 3829 2764 3886 t.
2798 3822 2899 3885 111
2947 3821 3172 3906 (1868)
3221 3825 3343 3886 237
3377 3843 3470 3906 sq.

639 4010 719 4072 *1
3071 4014 3111 4073 1
3158 4013 3412 4073 11-18

638 4114 1065 4180 Paschalis
1113 4117 1180 4181 II
1235 4118 1499 4203 Hugoni
1547 4120 1627 4185 de
1673 4119 1902 4184 Alatro
1950 4119 2161 4203 presb.
2212 4117 2383 4182 card.
2430 4117 2564 4181 XII
2612 4012 3077 4201 Apostolorurg
3115 4012 3527 4179 {ommendat

642 4216 935 4284 Circeam
981 4242 1196 4286 arcem
1243 4221 1324 4286 ob
1371 4223 1614 4288 rabiem
1662 4224 2103 4288 Teutonicam.

845 4330 1029 4386 Laud.
1066 4333 1126 4385 in
1171 4331 1299 4386 Vita
1342 4333 1544 4387 Getasa
1581 4334 1826 4403 11(Lib.
1855 4335 2061 4403 pontis.
2097 4333 2173 4388 αι.
2211 4333 2493 4388 Βιωιιωηε
2530 4332 2600 4384 11
2634 4336 2743 4385 312.
2778 4331 2916 4399 314).
2954 4361 3017 4368 —
3058 4330 3191 4397 Rey.
3226 4328 3333 4383 JL.
3373 4358 3454 4382 -.

637 4478 719 4539 *2
3242 4482 3411 4541 1118

642 4582 1003 4648 Gelasius
1048 4583 1117 4647 II
1175 4584 1740 4650 Terracinensibus
1793 4585 2086 4651 Circeam
2152 4607 2364 4651 arcem
2433 4605 2551 4669 per
2612 4584 2868 4648 nuntios
2934 4479 3281 4666 apicesqge
3341 4483 3520 4646 reddi

640 4686 921 4752 mandat.

1020 4791 1068 4827 ν.
1107 4772 1422 4837 Terracina,
1459 4773 1672 4830 Civitas
1707 4792 1758 4829 n.
1785 4775 1832 4828 5.

637 4874 681 4932 3
2665 4867 2869 4933 Roma
2913 4869 3144 4950 (1145)
3192 4867 3321 4930 ian.
3353 4868 3438 4928 31

641 4975 918 5038 Lucius
964 4974 1031 5038 II
1085 4974 1403 5038 nobilibus
1447 4975 1597 5038 viris
1654 4974 1910 5038 Oddoni
1958 4981 2024 5038 et
2070 4973 2326 5039 Cinthio
2373 4972 2735 5055 Fraiapane
2781 4971 3115 5036 fratribus:
3184 4969 3524 5034 committit

640 5077 993 5143 custodiam
1042 5078 1266 5142 Circei.

1023 5208 1071 5244 v.
1113 5190 1301 5257 Roma,
1340 5192 1486 5247 Gens
1524 5189 1840 5261 Fraiapana
1876 5207 1927 5243 n.
1959 5190 2002 5243 1.
