4055 6069
1119 519 1335 577 Civitas
1372 518 1693 577 castellana
1728 554 1794 564 —-
1830 521 1977 578 Mon.
2014 540 2058 577 s.
2083 521 2294 578 Mariae
2329 520 2661 578 Fallerense.
3212 527 3328 589 187

446 700 766 764 lacinctus
796 698 975 763 Petri
1006 695 1508 761 Deusvossalvet
1551 703 1746 781 atque
1777 695 2082 760 Nicolaus
2115 703 2181 760 et
2213 696 2606 761 Octabianus
2634 696 2886 780 fratres,
2934 696 3046 761 filii
3093 696 3330 761 dudum

444 802 875 883 Andreottae‚
945 802 1310 866 renuntiant
1361 801 1558 865 Petro
1616 800 1998 880 Sarracen0‚
2070 799 2130 863 d.
2186 821 2393 885 papae
2440 802 2837 884 senesca100‚
2901 801 3203 866 mandato
3269 809 3335 866 ct

445 907 842 991 procuratori
887 905 1267 972 celestini
1313 905 1446 987 ΙΙΙ,
1506 904 1588 969 ad
1648 907 1785 969 eius
1841 926 2001 989 opus
2060 913 2127 970 et
2181 905 2523 970 utilitatem
2570 927 2826 971 omnem
2872 905 3082 988 litem,
3139 927 3332 991 quam

445 1010 778 1075 Romanae
826 1010 1139 1074 ecclesiae
1187 1010 1494 1093 fecerunt,
1550 1009 1630 1074 de
1676 1010 1972 1074 universa
2017 1011 2311 1093 portione
2359 1009 2680 1094 quondam
2725 1009 2906 1074 Petri
2953 1009 3032 1073 de
3073 1010 3334 1095 Ategia,

447 1115 691 1180 scilicet
718 1115 972 1179 illarum
1000 1118 1161 1179 1000
1186 1135 1545 1179 marcarum
1566 1115 1836 1197 argenti,
1870 1136 2029 1199 quas
2060 1116 2121 1178 ei
2146 1116 2410 1199 eiusque
2431 1114 2829 1180 consortibus
2853 1113 3222 1179 Hadrianus
3237 1114 3335 1179 lV

448 1220 671 1285 debuit
714 1221 806 1301 (n.
840 1222 941 1299 1);
995 1241 1111 1303 pro
1160 1217 1388 1303 quibus
1434 1220 1527 1283 eis
1571 1218 1914 1283 Civitatem
1961 1218 2396 1284 castellanam
2443 1224 2508 1284 et
2550 1220 2916 1284 universum
2961 1220 3334 1284 comitatum

448 1328 584 1391 eius
643 1347 718 1390 ac
772 1325 1061 1389 Mentem
1116 1325 1315 1389 altum
1364 1322 1707 1408 obligavit,
1768 1324 1930 1388 sicut
1985 1344 2104 1408 per
2145 1323 2552 1409 privilegium
2621 1325 2819 1407 ipsius
2875 1321 3193 1387 Hadriani
3237 1321 3335 1385 IV

448 1435 738 1515 apparet.
786 1466 870 1476 —
913 1427 1055 1513 Ego
1103 1427 1425 1492 Iohannes
1468 1428 1709 1491 Leonis
1754 1425 1818 1492 S.
1850 1426 1930 1491 R.
1963 1427 2038 1491 Ε.
2086 1428 2270 1491 scrin.
2319 1427 2584 1492 absolvi.

658 1538 882 1593 Oeneius
923 1555 966 1591 c.
1007 1543 1115 1593 183.
1165 1567 1226 1576 -·
1275 1535 1417 1591 Edd.
1453 1536 1735 1591 Μαγαῖον-ι’
1772 1537 1955 1605 Antiq.
1996 1537 2034 1590 I
2062 1542 2158 1591 143
2194 1560 2258 1582 =
2301 1538 2486 1604 Miqne
2532 1536 2719 1592 CCVI
2754 1546 2882 1593 1:275
2926 1554 2980 1592 n.
3006 1544 3051 1591 6.
3137 1537 3332 1591 Fabra-

445 1625 723 1682 Duchesne
756 1626 799 1678 I
826 1631 945 1680 438.
985 1653 1046 1663 -
1088 1623 1221 1694 Rey.
1261 1623 1480 1678 Galletti
1513 1623 1618 1677 Del
1644 1623 1931 1691 primiccro
1960 1639 2021 1691 p.
2050 1628 2133 1678 88.
2172 1629 2278 1678 123.
2340 1622 2446 1678 JL.
2484 1654 2565 1680 ——.

450 1788 491 1847 6
2849 1782 3012 1844 1195
3056 1780 3176 1860 seb.
3211 1784 3252 1844 7

443 1887 769 1974 ,Iohannes
815 1885 1128 1952 Gnidonis
1174 1886 1254 1950 de
1300 1886 1485 1971 Papa
1530 1893 1597 1951 et
1640 1885 1852 1950 Guido
1887 1888 1983 1950 tit.
2016 1908 2064 1948 s.
2097 1886 2342 1951 Mariae
2390 1885 2869 1970 Transtyberim
2900 1884 3112 1970 presb.
3160 1882 3332 1949 card.

447 2011 565 2055 nec
628 2012 753 2055 non
810 1997 876 2055 et
919 1989 1178 2073 Petrus,
1245 1990 1574 2054 Romanus
1639 1997 1704 2054 et
1756 1989 2107 2072 Henricus‚
2173 1991 2464 2073 germani
2518 1989 2782 2072 fratres,
2842 1989 2955 2052 filii
3011 1986 3334 2073 quondam

449 2095 669 2159 Cencii
716 2094 796 2159 de
828 2094 1032 2179 Papa,
1080 2094 1445 2158 renuntiant
1491 2092 1745 2159 cinthio
1780 2116 1828 2156 s.
1861 2094 2103 2158 Luciae
2149 2094 2215 2157 in
2262 2091 2453 2158 Silice
2500 2094 2663 2157 diac.
2712 2092 2882 2158 card.
2918 2098 2985 2156 et
3029 2092 3089 2156 d.
3124 2111 3336 2175 papae

448 2199 823 2283 camerario,
867 2198 1167 2262 mandato
1216 2218 1472 2282 quoque
1518 2199 1912 2281 procuratori
1959 2198 2341 2262 Celestini
2382 2197 2503 2280 ΙΙΙ,
2555 2196 2640 2261 ad
2680 2198 2818 2261 eius
2861 2218 3021 2281 opus
3067 2202 3132 2259 et
3161 2195 3335 2259 utili-

449 2309 649 2367 tatem
696 2322 951 2366 omnem
996 2301 1195 2384 litem,
1244 2322 1434 2386 quam
1479 2301 1812 2366 Romanae
1861 2302 2172 2367 ecclesiae
2219 2301 2528 2384 fecerunt,
2576 2301 2656 2366 de
2703 2302 2998 2365 universa
3041 2301 3334 2384 portione

450 2405 772 2492 quondam
825 2405 1005 2469 Petri
1062 2405 1374 2489 praefecti
1427 2410 1502 2468 ut
1554 2426 1754 2485 supra
1807 2426 1870 2469 n.
1915 2406 1973 2469 5.
2044 2445 2126 2454 —-
2193 2405 2334 2491 Ego
2391 2406 2712 2471 Iohannes
2768 2405 3005 2470 Leonis
3052 2404 3114 2470 S.
3146 2403 3225 2468 R.
3257 2402 3333 2467 Ε.

448 2512 634 2574 scrin.
684 2508 946 2573 absolvi.

657 2620 882 2675 Oeneius
915 2637 956 2676 c.
986 2627 1101 2676 180.
1142 2654 1207 2661 -—
1244 2621 1387 2674 Edd.
1429 2621 1709 2674 Muratori
1742 2622 1924 2688 Antiq.
1955 2620 2020 2674 11
2039 2627 2162 2675 809.
2222 2619 2444 2674 Moretti
2479 2620 2610 2676 Not.
2636 2618 2782 2674 card.
2809 2620 2890 2673 tit.
2917 2620 3025 2674 bas.
3051 2636 3091 2673 s.
3117 2617 3336 2672 Mariae

448 2712 602 2761 trans
643 2706 885 2777 Tyberim
918 2724 973 2775 p.
1002 2716 1033 2760 9
1066 2712 1177 2761 not.
1216 2725 1267 2760 α.
1297 2706 1772 2761 Εαὸνο-Βιιάκεηο
1808 2708 1841 2761 1
1861 2712 1978 2761 433.
2016 2736 2081 2746 -
2124 2706 2283 2777 3699.
2329 2707 2548 2762 Galloni
2581 2707 2684 2762 Del
2716 2707 2990 2777 primicero
3014 2723 3074 2776 p.
3105 2711 3193 2761 88.
3222 2712 3335 2759 124.

451 2793 650 2848 Calisse
684 2794 719 2848 1.
757 2811 801 2849 c.
833 2810 890 2862 p.
917 2800 1017 2849 433
1049 2810 1106 2848 n.
1136 2802 1182 2848 9.
1253 2792 1364 2848 JL.
1401 2824 1483 2849 —.

451 2955 492 3015 7
616 3004 621 3009 .
2843 2952 3012 3015 1195
3055 2950 3174 3029 seb.
3209 2953 3250 3013 7

387 3111 393 3116 .
448 3057 769 3121 Iohannes
810 3055 1122 3121 Guidonis
1169 3055 1249 3120 de
1281 3057 1465 3140 Papa
1511 3063 1577 3120 et
1608 3054 1818 3121 Guido
1866 3058 1959 3121 tit.
1994 3080 2043 3121 s.
2077 3057 2322 3122 Mariae
2355 3056 2836 3142 Transtyberim
2881 3056 3090 3142 presb.
3139 3055 3333 3137 card„

447 3161 700 3244 Petrus,
746 3160 1077 3226 Romanus
1122 3166 1189 3226 et
1231 3159 1570 3244 Henricus‚
1615 3163 1908 3246 germani
1938 3163 2189 3246 fratres,
2236 3160 2350 3226 filii
2395 3161 2718 3246 quondam
2751 3162 2971 3227 Cencii
3016 3160 3097 3226 de
3126 3161 3333 3249 Papa,

450 3265 814 3328 renuntiant
878 3265 942 3329 in
1009 3266 1375 3348 praesentia
1443 3265 1699 3329 Ottonis
1764 3264 2060 3332 Hostien.
2130 3272 2195 3330 et
2251 3265 2604 3332 Velletren.
2676 3287 2776 3351 ep.
2838 3272 2906 3332 et
2961 3265 3183 3331 Cencii
3238 3266 3333 3328 tit.

449 3391 497 3432 s.
529 3369 861 3433 Laurentii
918 3370 983 3432 in
1039 3368 1286 3433 Lucina
1339 3376 1407 3433 et
1465 3367 1757 3434 Fidancii
1813 3371 1907 3434 tit.
1963 3392 2011 3432 s.
2055 3369 2348 3435 Marcelli
2406 3369 2617 3455 presb.
2675 3368 2846 3434 card.
2913 3376 2979 3434 et
3034 3367 3335 3464 Gregorii

450 3471 612 3536 diac.
670 3471 840 3537 card.
906 3493 954 3535 s.
995 3472 1239 3537 Mariae
1309 3472 1390 3538 de
1445 3473 1708 3537 Porticu
1764 3478 1839 3537 ut
1893 3493 2093 3554 supra
2146 3494 2209 3537 n.
2245 3476 2303 3538 6.
2375 3511 2457 3520 —
2525 3473 2666 3557 Ego
2722 3471 3045 3538 Iohannes
3098 3472 3336 3537 Leonis

452 3574 515 3640 S.
547 3575 625 3641 R.
659 3576 734 3641 Ε.
781 3577 967 3640 scrin.
1015 3575 1281 3640 absolvi.

660 3685 884 3740 Oeneius
918 3701 962 3740 c.
990 3693 1096 3742 181.
1131 3717 1194 3725 -
1235 3685 1338 3741 Ed.
1378 3687 1864 3743 fabre-Ducum
1901 3688 1938 3742 I
1971 3693 2094 3742 434.
2133 3718 2198 3735 2-
2237 3687 2370 3757 Rey.
2408 3687 2525 3745 JL.
2566 3718 2647 3742 —-.

450 3811 494 3872 8
2805 3810 2972 3872 1195
3119 3858 3135 3875 .
3212 3815 3252 3872 6

448 3911 817 3995 Tederada‚
871 3934 1038 3977 uxor
1078 3911 1385 3978 Andreae
1431 3913 1742 3999 Stephani
1785 3914 2073 3979 Rainerii
2133 3914 2215 3980 de
2261 3913 2620 4000 StephanO,
2686 3922 2753 3978 et
2794 3809 3119 3995 Romarfib,
3164 3812 3337 3976 {xor

448 4015 725 4081 Gentilis
766 4016 1138 4101 Fortivolie‚
1184 4038 1533 4103 germanae
1565 4039 1836 4102 sorores,
1883 4020 2055 4084 filiae
2088 4019 2411 4104 quondam
2444 4019 2663 4084 Cencii
2692 4017 2969 4082 Romani
3018 4016 3100 4082 de
3129 4015 3335 4100 Papa,

450 4121 817 4185 renuntiant
860 4125 934 4184 ut
976 4142 1177 4202 supra
1221 4143 1284 4186 n.
1320 4126 1378 4185 7.
1426 4161 1509 4169 --
1554 4122 1695 4208 Ego
1740 4123 2065 4188 Iohannes
2108 4123 2347 4187 Leonis
2392 4122 2455 4187 S.
2487 4122 2566 4186 R.
2599 4121 2674 4186 Ε.
2722 4123 2907 4186 scrin.
2955 4119 3220 4185 absolvi.

660 4229 884 4286 &nefus
926 4248 970 4286 c.
1007 4239 1113 4288 182.
1168 4262 1234 4272 -—·
1288 4231 1435 4287 Edd.
1480 4234 1755 4288 Muratori
1793 4235 1974 4303 Antiq.
2012 4234 2088 4288 II
2110 4241 2219 4290 811.
2306 4232 2790 4288 Fabre-Duchesne
2825 4232 2867 4285 Ι
2890 4236 3002 4286 436.
3056 4260 3124 4270 -—·
3171 4230 3334 4301 Reqq.

459 4318 681 4373 Galla-ti
715 4316 821 4372 Del
845 4319 1132 4386 primicero
1158 4336 1217 4389 p.
1243 4326 1356 4374 124.
1430 4318 1633 4374 Calisse
1668 4320 1701 4372 l.
1737 4335 1778 4373 c.
1808 4336 1867 4388 p.
1894 4325 1996 4374 433
2032 4336 2087 4374 n.
2112 4327 2192 4375 10.
2244 4318 2354 4373 JL.
2395 4348 2474 4376 —.

1183 4595 1699 4663 monasterinm
1743 4612 1801 4662 s.
1833 4593 2100 4662 Mariae
2145 4593 2581 4663 Fallet-cnse.

1497 4716 1701 4786 (Santa
1737 4715 1918 4772 Maria.
1953 4715 2012 4770 di
2049 4715 2290 4783 Fanni)

668 4859 1129 4924 Monasterium
1176 4882 1224 4923 s.
1258 4860 1525 4943 Mariae,
1572 4859 1743 4924 haud
1790 4860 2014 4944 procul
2061 4881 2100 4924 a
2129 4860 2295 4941 1000,
2340 4858 2450 4923 ubi
2498 4858 2652 4921 olim
2698 4857 2910 4923 stabat
2938 4857 3337 4923 Faliscorum

449 4984 687 5027 novum
728 4962 968 5027 Falerii
1014 4962 1351 5049 oppidum,
1407 4962 1576 5028 unde
1621 4985 1856 5028 nomen
1903 4965 2157 5047 accepit
2210 4962 2318 5047 (cf.
2367 4962 2757 5027 Tomassetti
2813 4963 2877 5025 in
2919 4961 3115 5026 Arch.
3165 4961 3338 5026 della

450 5066 594 5131 Soc.
641 5065 829 5131 Rom.
862 5066 993 5130 VH
1039 5065 1268 5152 (1884)
1315 5070 1437 5130 424
1471 5066 1624 5152 sq.),
1683 5070 1961 5152 primum
2007 5067 2089 5132 ab
2135 5066 2474 5132 abbatibus
2520 5087 2604 5129 ex
2650 5065 2870 5129 ordine
2917 5088 2966 5129 s.
2999 5065 3337 5131 Benedicti

450 5176 728 5251 rectum,
791 5168 908 5232 sub
956 5168 1330 5234 Alexandro
1377 5170 1481 5234 III
1544 5173 1833 5257 regulam
1894 5171 2241 5237 secundum
2298 5171 2814 5236 Cisterciensium
2872 5171 3336 5235 institutionem

450 5274 734 5360 profiteri
781 5275 996 5359 coepit
1038 5272 1148 5358 (cf.
1182 5274 1597 5340 Janauschek
1629 5276 1808 5362 Orig.
1843 5276 2107 5342 Cisterc.
2142 5299 2203 5361 p.
2233 5279 2310 5341 77
2343 5298 2403 5339 n.
2443 5273 2612 5359 189),
2659 5275 3047 5339 monasterio
3092 5296 3141 5337 s.
3173 5273 3334 5341 Iusti
