<?xml version="1.0" encoding="UTF-8"?>
<!DOCTYPE html PUBLIC "-//W3C//DTD XHTML 1.0 Transitional//EN"
    "http://www.w3.org/TR/xhtml1/DTD/xhtml1-transitional.dtd">
<html xmlns="http://www.w3.org/1999/xhtml" xml:lang="en" lang="en">
 <head>
  <title>
</title>
<meta http-equiv="Content-Type" content="text/html;charset=utf-8" />
  <meta name='ocr-system' content='tesseract 3.04.00' />
  <meta name='ocr-capabilities' content='ocr_page ocr_carea ocr_par ocr_line ocrx_word'/>
</head>
<body>
  <div class='ocr_page' id='page_1' title='image "./italiapontifici00gtgoog_0239.png"; bbox 0 0 4055 6069; ppageno 0'>
   <div class='ocr_carea' id='block_1_1' title="bbox 703 454 2341 524">
    <p class='ocr_par' dir='ltr' id='par_1_1' title="bbox 703 454 2341 524">
     <span class='ocr_line' id='line_1_1' title="bbox 703 454 2341 524; baseline -0.006 -2"><span class='ocrx_word' id='word_1_1' title='bbox 703 458 829 524; x_wconf 82' lang='lat'><strong>206</strong></span> <span class='ocrx_word' id='word_1_2' title='bbox 2030 454 2269 513; x_wconf 83' lang='lat' dir='ltr'><strong>Latium.</strong></span> <span class='ocrx_word' id='word_1_3' title='bbox 2332 483 2341 491; x_wconf 96' lang='lat'><em>·</em></span> 
     </span>
    </p>
   </div>
   <div class='ocr_carea' id='block_1_2' title="bbox 701 630 3586 716">
    <p class='ocr_par' dir='ltr' id='par_1_2' title="bbox 701 630 3586 716">
     <span class='ocr_line' id='line_1_2' title="bbox 701 630 3586 716; baseline 0.001 -22"><span class='ocrx_word' id='word_1_4' title='bbox 701 633 837 695; x_wconf 89' lang='lat' dir='ltr'><strong>iure</strong></span> <span class='ocrx_word' id='word_1_5' title='bbox 898 631 1213 695; x_wconf 88' lang='lat' dir='ltr'><strong>ecclesiae</strong></span> <span class='ocrx_word' id='word_1_6' title='bbox 1257 630 1593 697; x_wconf 80' lang='lat' dir='ltr'><strong>Romanae</strong></span> <span class='ocrx_word' id='word_1_7' title='bbox 1647 633 1711 696; x_wconf 93' lang='lat' dir='ltr'><strong>in</strong></span> <span class='ocrx_word' id='word_1_8' title='bbox 1768 635 1849 698; x_wconf 88' lang='lat'><strong>30</strong></span> <span class='ocrx_word' id='word_1_9' title='bbox 1882 653 2194 697; x_wconf 85' lang='lat' dir='ltr'><strong>annorum</strong></span> <span class='ocrx_word' id='word_1_10' title='bbox 2246 633 2524 716; x_wconf 85' lang='lat' dir='ltr'><strong>spatium</strong></span> <span class='ocrx_word' id='word_1_11' title='bbox 2580 633 2926 710; x_wconf 88' lang='lat' dir='ltr'><strong>concessit;</strong></span> <span class='ocrx_word' id='word_1_12' title='bbox 2987 632 3102 698; x_wconf 88' lang='lat' dir='ltr'><strong>sed</strong></span> <span class='ocrx_word' id='word_1_13' title='bbox 3158 640 3227 698; x_wconf 83' lang='lat' dir='ltr'><strong>et</strong></span> <span class='ocrx_word' id='word_1_14' title='bbox 3281 631 3586 698; x_wconf 83' lang='lat' dir='ltr'><strong>terrulam</strong></span> 
     </span>
    </p>
   </div>
   <div class='ocr_carea' id='block_1_3' title="bbox 570 733 3588 822">
    <p class='ocr_par' dir='ltr' id='par_1_3' title="bbox 570 733 3588 822">
     <span class='ocr_line' id='line_1_3' title="bbox 570 733 3588 822; baseline -0 -22"><span class='ocrx_word' id='word_1_15' title='bbox 570 794 576 800; x_wconf 75' lang='grc'><strong><em>.</em></strong></span> <span class='ocrx_word' id='word_1_16' title='bbox 699 733 1060 798; x_wconf 88' lang='lat' dir='ltr'><strong>modiorum</strong></span> <span class='ocrx_word' id='word_1_17' title='bbox 1108 736 1189 799; x_wconf 87' lang='grc'><strong>30</strong></span> <span class='ocrx_word' id='word_1_18' title='bbox 1238 755 1320 798; x_wconf 86' lang='lat' dir='ltr'><strong>ex</strong></span> <span class='ocrx_word' id='word_1_19' title='bbox 1366 734 1700 820; x_wconf 86' lang='lat' dir='ltr'><strong>praedicta</strong></span> <span class='ocrx_word' id='word_1_20' title='bbox 1744 756 1986 813; x_wconf 83' lang='lat' dir='ltr'><strong>massa,</strong></span> <span class='ocrx_word' id='word_1_21' title='bbox 2045 756 2238 821; x_wconf 88' lang='lat' dir='ltr'><strong>quam</strong></span> <span class='ocrx_word' id='word_1_22' title='bbox 2292 737 2359 798; x_wconf 92' lang='lat' dir='ltr'><strong>in</strong></span> <span class='ocrx_word' id='word_1_23' title='bbox 2404 734 2653 819; x_wconf 81' lang='lat' dir='ltr'><strong>pridem</strong></span> <span class='ocrx_word' id='word_1_24' title='bbox 2711 756 2750 800; x_wconf 90' lang='lat' dir='ltr'><strong>a</strong></span> <span class='ocrx_word' id='word_1_25' title='bbox 2793 757 2936 801; x_wconf 89' lang='lat' dir='ltr'><strong>sese</strong></span> <span class='ocrx_word' id='word_1_26' title='bbox 2982 737 3076 801; x_wconf 90' lang='lat' dir='ltr'><strong>eis</strong></span> <span class='ocrx_word' id='word_1_27' title='bbox 3121 735 3339 801; x_wconf 82' lang='lat' dir='ltr'><strong>datam</strong></span> <span class='ocrx_word' id='word_1_28' title='bbox 3383 738 3588 822; x_wconf 88' lang='lat' dir='ltr'><strong>possi-</strong></span> 
     </span>
    </p>
   </div>
   <div class='ocr_carea' id='block_1_4' title="bbox 702 836 3589 1009">
    <p class='ocr_par' dir='ltr' id='par_1_4' title="bbox 702 836 3589 1009">
     <span class='ocr_line' id='line_1_4' title="bbox 703 836 3589 925; baseline 0.001 -24"><span class='ocrx_word' id='word_1_29' title='bbox 703 836 856 902; x_wconf 89' lang='lat' dir='ltr'><strong>dere</strong></span> <span class='ocrx_word' id='word_1_30' title='bbox 901 845 1268 922; x_wconf 86' lang='lat' dir='ltr'><strong>noscuntur,</strong></span> <span class='ocrx_word' id='word_1_31' title='bbox 1313 839 1557 923; x_wconf 87' lang='lat' dir='ltr'><strong>pariter</strong></span> <span class='ocrx_word' id='word_1_32' title='bbox 1599 841 1664 903; x_wconf 92' lang='lat' dir='ltr'><strong>in</strong></span> <span class='ocrx_word' id='word_1_33' title='bbox 1707 839 2042 925; x_wconf 84' lang='lat' dir='ltr'><strong>praedicto</strong></span> <span class='ocrx_word' id='word_1_34' title='bbox 2089 860 2396 904; x_wconf 89' lang='lat' dir='ltr'><strong>annorum</strong></span> <span class='ocrx_word' id='word_1_35' title='bbox 2445 840 2653 923; x_wconf 83' lang='lat' dir='ltr'><strong>spatio</strong></span> <span class='ocrx_word' id='word_1_36' title='bbox 2701 861 2813 904; x_wconf 89' lang='lat' dir='ltr'><strong>eos</strong></span> <span class='ocrx_word' id='word_1_37' title='bbox 2858 839 3099 905; x_wconf 89' lang='lat' dir='ltr'><strong>habere</strong></span> <span class='ocrx_word' id='word_1_38' title='bbox 3147 840 3458 906; x_wconf 83' lang='lat' dir='ltr'><strong>concedit.</strong></span> <span class='ocrx_word' id='word_1_39' title='bbox 3507 876 3589 888; x_wconf 94' lang='lat'><strong>—-</strong></span> 
     </span>
     <span class='ocr_line' id='line_1_5' title="bbox 702 940 1488 1009; baseline 0 -3"><span class='ocrx_word' id='word_1_40' title='bbox 702 940 885 1006; x_wconf 85' lang='lat' dir='ltr'><strong>Servi</strong></span> <span class='ocrx_word' id='word_1_41' title='bbox 928 941 1054 1007; x_wconf 90' lang='lat' dir='ltr'><strong>Dei</strong></span> <span class='ocrx_word' id='word_1_42' title='bbox 1098 943 1488 1009; x_wconf 87' lang='lat' dir='ltr'><strong>monasterii.</strong></span> 
     </span>
    </p>
   </div>
   <div class='ocr_carea' id='block_1_5' title="bbox 641 1051 3591 1296">
    <p class='ocr_par' dir='ltr' id='par_1_5' title="bbox 641 1051 3591 1296">
     <span class='ocr_line' id='line_1_6' title="bbox 910 1051 3590 1125; baseline 0.001 -19"><span class='ocrx_word' id='word_1_43' title='bbox 910 1051 1043 1123; x_wconf 75' lang='lat' dir='ltr'><strong>Req.</strong></span> <span class='ocrx_word' id='word_1_44' title='bbox 1089 1052 1339 1123; x_wconf 66' lang='lat' dir='ltr'><strong>Gregorii</strong></span> <span class='ocrx_word' id='word_1_45' title='bbox 1375 1053 1418 1106; x_wconf 93' lang='grc' dir='ltr'><em>Ι</em></span> <span class='ocrx_word' id='word_1_46' title='bbox 1442 1053 1528 1107; x_wconf 73' lang='lat' dir='ltr'><strong>lib.</strong></span> <span class='ocrx_word' id='word_1_47' title='bbox 1556 1053 1656 1107; x_wconf 86' lang='lat' dir='ltr'><strong>IX</strong></span> <span class='ocrx_word' id='word_1_48' title='bbox 1687 1070 1764 1123; x_wconf 79' lang='lat' dir='ltr'><strong>ep.</strong></span> <span class='ocrx_word' id='word_1_49' title='bbox 1795 1058 1879 1110; x_wconf 80' lang='lat'><strong>96.</strong></span> <span class='ocrx_word' id='word_1_50' title='bbox 1904 1084 1971 1094; x_wconf 90' lang='lat'>—</span> <span class='ocrx_word' id='word_1_51' title='bbox 2006 1052 2152 1108; x_wconf 77' lang='lat' dir='ltr'><strong>Edd.</strong></span> <span class='ocrx_word' id='word_1_52' title='bbox 2178 1053 2232 1109; x_wconf 80' lang='lat' dir='ltr'><strong>S.</strong></span> <span class='ocrx_word' id='word_1_53' title='bbox 2267 1053 2515 1125; x_wconf 67' lang='lat' dir='ltr'><strong>Greyorii</strong></span> <span class='ocrx_word' id='word_1_54' title='bbox 2551 1053 2634 1109; x_wconf 81' lang='grc' dir='ltr'><strong>Μ.</strong></span> <span class='ocrx_word' id='word_1_55' title='bbox 2667 1051 2801 1122; x_wconf 82' lang='lat' dir='ltr'><strong>opp.</strong></span> <span class='ocrx_word' id='word_1_56' title='bbox 2839 1051 2919 1108; x_wconf 70' lang='lat' dir='ltr'><strong>od.</strong></span> <span class='ocrx_word' id='word_1_57' title='bbox 2943 1052 3130 1108; x_wconf 74' lang='lat' dir='ltr'><strong>Maur.</strong></span> <span class='ocrx_word' id='word_1_58' title='bbox 3157 1054 3241 1110; x_wconf 76' lang='lat' dir='ltr'><strong>lib.</strong></span> <span class='ocrx_word' id='word_1_59' title='bbox 3268 1055 3407 1110; x_wconf 82' lang='lat' dir='ltr'><strong>XII</strong></span> <span class='ocrx_word' id='word_1_60' title='bbox 3435 1074 3490 1110; x_wconf 76' lang='lat' dir='ltr'><strong>n.</strong></span> <span class='ocrx_word' id='word_1_61' title='bbox 3511 1064 3590 1111; x_wconf 80' lang='lat'><strong>45.</strong></span> 
     </span>
     <span class='ocr_line' id='line_1_7' title="bbox 704 1138 3591 1211; baseline 0.002 -18"><span class='ocrx_word' id='word_1_62' title='bbox 704 1139 892 1193; x_wconf 71' lang='lat' dir='ltr'><strong>Mami</strong></span> <span class='ocrx_word' id='word_1_63' title='bbox 932 1138 991 1192; x_wconf 85' lang='lat' dir='ltr'>X</span> <span class='ocrx_word' id='word_1_64' title='bbox 1025 1144 1129 1194; x_wconf 81' lang='lat'><strong>337</strong></span> <span class='ocrx_word' id='word_1_65' title='bbox 1159 1156 1214 1193; x_wconf 76' lang='lat' dir='ltr'><strong>n.</strong></span> <span class='ocrx_word' id='word_1_66' title='bbox 1239 1148 1314 1194; x_wconf 85' lang='lat'><strong>51.</strong></span> <span class='ocrx_word' id='word_1_67' title='bbox 1398 1140 1574 1211; x_wconf 66' lang='lat' dir='ltr'><strong>&#39;Pr-oya</strong></span> <span class='ocrx_word' id='word_1_68' title='bbox 1609 1141 1652 1194; x_wconf 93' lang='grc' dir='ltr'><em>Ι</em></span> <span class='ocrx_word' id='word_1_69' title='bbox 1673 1146 1775 1196; x_wconf 67' lang='lat' dir='ltr'><strong>aso</strong></span> <span class='ocrx_word' id='word_1_70' title='bbox 1807 1157 1864 1196; x_wconf 75' lang='lat' dir='ltr'><strong>n.</strong></span> <span class='ocrx_word' id='word_1_71' title='bbox 1889 1149 1997 1196; x_wconf 77' lang='lat'><strong><em>261.</em></strong></span> <span class='ocrx_word' id='word_1_72' title='bbox 2070 1141 2264 1211; x_wconf 72' lang='lat' dir='ltr'><strong>Miqm</strong></span> <span class='ocrx_word' id='word_1_73' title='bbox 2298 1140 2611 1196; x_wconf 84' lang='lat' dir='ltr'><strong><em>LXXVII</em></strong></span> <span class='ocrx_word' id='word_1_74' title='bbox 2635 1149 2763 1197; x_wconf 81' lang='lat'><em>1260</em></span> <span class='ocrx_word' id='word_1_75' title='bbox 2794 1156 2850 1195; x_wconf 73' lang='lat' dir='ltr'><strong>n.</strong></span> <span class='ocrx_word' id='word_1_76' title='bbox 2875 1149 2961 1196; x_wconf 81' lang='lat'><strong>45.</strong></span> <span class='ocrx_word' id='word_1_77' title='bbox 3033 1138 3188 1196; x_wconf 73' lang='lat' dir='ltr'><strong>Mon.</strong></span> <span class='ocrx_word' id='word_1_78' title='bbox 3232 1141 3407 1199; x_wconf 74' lang='lat' dir='ltr'><strong>Germ.</strong></span> <span class='ocrx_word' id='word_1_79' title='bbox 3444 1141 3591 1211; x_wconf 78' lang='lat' dir='ltr'><strong>Epp.</strong></span> 
     </span>
     <span class='ocr_line' id='line_1_8' title="bbox 641 1225 1849 1296; baseline 0.002 -17"><span class='ocrx_word' id='word_1_80' title='bbox 641 1260 655 1278; x_wconf 86' lang='grc'><strong>.</strong></span> <span class='ocrx_word' id='word_1_81' title='bbox 704 1225 779 1279; x_wconf 88' lang='grc' dir='ltr'><strong>ΙΙ</strong></span> <span class='ocrx_word' id='word_1_82' title='bbox 806 1232 917 1281; x_wconf 79' lang='grc'><strong><em>106.</em></strong></span> <span class='ocrx_word' id='word_1_83' title='bbox 955 1256 1022 1266; x_wconf 83' lang='lat'>-</span> <span class='ocrx_word' id='word_1_84' title='bbox 1059 1225 1222 1296; x_wconf 72' lang='lat' dir='ltr'><strong>Reyq.</strong></span> <span class='ocrx_word' id='word_1_85' title='bbox 1258 1226 1314 1281; x_wconf 89' lang='lat' dir='ltr'><strong>J.</strong></span> <span class='ocrx_word' id='word_1_86' title='bbox 1349 1234 1492 1282; x_wconf 78' lang='lat'><strong><em>1479.</em></strong></span> <span class='ocrx_word' id='word_1_87' title='bbox 1563 1227 1672 1284; x_wconf 80' lang='lat' dir='ltr'><strong>JE.</strong></span> <span class='ocrx_word' id='word_1_88' title='bbox 1710 1234 1849 1283; x_wconf 79' lang='lat'><strong><em>1621.</em></strong></span> 
     </span>
    </p>
   </div>
   <div class='ocr_carea' id='block_1_6' title="bbox 704 1382 3594 1657">
    <p class='ocr_par' dir='ltr' id='par_1_6' title="bbox 704 1382 3594 1657">
     <span class='ocr_line' id='line_1_9' title="bbox 704 1382 3384 1449; baseline 0.001 -4"><span class='ocrx_word' id='word_1_89' title='bbox 704 1382 786 1445; x_wconf 73' lang='lat'><strong>*2</strong></span> <span class='ocrx_word' id='word_1_90' title='bbox 3176 1386 3384 1449; x_wconf 66' lang='lat'><strong><em>62²2-</em></strong></span> 
     </span>
     <span class='ocr_line' id='line_1_10' title="bbox 705 1386 3594 1575; baseline 0.002 -24"><span class='ocrx_word' id='word_1_91' title='bbox 705 1487 1104 1553; x_wconf 90' lang='lat' dir='ltr'><strong>Honorius</strong></span> <span class='ocrx_word' id='word_1_92' title='bbox 1149 1487 1183 1551; x_wconf 97' lang='lat' dir='ltr'>I</span> <span class='ocrx_word' id='word_1_93' title='bbox 1251 1488 1423 1553; x_wconf 82' lang='lat' dir='ltr'><strong>locat</strong></span> <span class='ocrx_word' id='word_1_94' title='bbox 1487 1487 1787 1574; x_wconf 87' lang='lat' dir='ltr'><strong>Epifanio</strong></span> <span class='ocrx_word' id='word_1_95' title='bbox 1850 1488 2173 1555; x_wconf 87' lang='lat' dir='ltr'><strong>defensori</strong></span> <span class='ocrx_word' id='word_1_96' title='bbox 2230 1488 2502 1554; x_wconf 79' lang='lat' dir='ltr'>Tusciae</span> <span class='ocrx_word' id='word_1_97' title='bbox 2568 1509 2847 1554; x_wconf 80' lang='lat' dir='ltr'><strong>massam</strong></span> <span class='ocrx_word' id='word_1_98' title='bbox 2915 1386 3352 1556; x_wconf 41' lang='lat' dir='ltr'><strong>Gracilissna&#39;m</strong></span> <span class='ocrx_word' id='word_1_99' title='bbox 3391 1388 3594 1575; x_wconf 57' lang='grc' dir='ltr'><strong>Βξέιιᾶ</strong></span> 
     </span>
     <span class='ocr_line' id='line_1_11' title="bbox 706 1592 1466 1657; baseline 0.003 -2"><span class='ocrx_word' id='word_1_100' title='bbox 706 1592 1054 1657; x_wconf 87' lang='lat' dir='ltr'><strong>Bleranam</strong></span> <span class='ocrx_word' id='word_1_101' title='bbox 1101 1593 1466 1657; x_wconf 69' lang='lat' dir='ltr'><strong>civitatem*</strong></span> 
     </span>
    </p>
   </div>
   <div class='ocr_carea' id='block_1_7' title="bbox 654 1701 3605 1947">
    <p class='ocr_par' dir='ltr' id='par_1_7' title="bbox 654 1701 3605 1947">
     <span class='ocr_line' id='line_1_12' title="bbox 913 1701 3605 1781; baseline 0.001 -25"><span class='ocrx_word' id='word_1_102' title='bbox 913 1701 1209 1781; x_wconf 51' lang='lat' dir='ltr'><strong>Deusdezssit</strong></span> <span class='ocrx_word' id='word_1_103' title='bbox 1256 1703 1344 1758; x_wconf 81' lang='lat' dir='ltr'><strong>lib.</strong></span> <span class='ocrx_word' id='word_1_104' title='bbox 1380 1703 1485 1758; x_wconf 86' lang='lat'><strong>111</strong></span> <span class='ocrx_word' id='word_1_105' title='bbox 1533 1719 1577 1758; x_wconf 92' lang='lat' dir='ltr'><strong>c.</strong></span> <span class='ocrx_word' id='word_1_106' title='bbox 1612 1709 1713 1759; x_wconf 83' lang='lat'><strong>208</strong></span> <span class='ocrx_word' id='word_1_107' title='bbox 1756 1703 1910 1775; x_wconf 81' lang='lat'><em>[149]</em></span> <span class='ocrx_word' id='word_1_108' title='bbox 1951 1719 2017 1759; x_wconf 62' lang='lat' dir='ltr'><strong>ac</strong></span> <span class='ocrx_word' id='word_1_109' title='bbox 2058 1704 2277 1774; x_wconf 73' lang='lat' dir='ltr'><strong>reyistro</strong></span> <span class='ocrx_word' id='word_1_110' title='bbox 2317 1702 2555 1759; x_wconf 78' lang='lat' dir='ltr'><strong>Hcmorii</strong></span> <span class='ocrx_word' id='word_1_111' title='bbox 2598 1702 2733 1770; x_wconf 75' lang='lat' dir='ltr'><strong>(edd.</strong></span> <span class='ocrx_word' id='word_1_112' title='bbox 2784 1704 3116 1759; x_wconf 64' lang='lat' dir='ltr'><strong>Martinucci</strong></span> <span class='ocrx_word' id='word_1_113' title='bbox 3160 1722 3221 1775; x_wconf 82' lang='lat' dir='ltr'><strong>p.</strong></span> <span class='ocrx_word' id='word_1_114' title='bbox 3252 1710 3363 1760; x_wconf 81' lang='lat'><strong><em>321.</em></strong></span> <span class='ocrx_word' id='word_1_115' title='bbox 3444 1703 3605 1770; x_wconf 81' lang='lat' dir='ltr'><strong>Wolf</strong></span> 
     </span>
     <span class='ocr_line' id='line_1_13' title="bbox 654 1788 3593 1860; baseline 0 -13"><span class='ocrx_word' id='word_1_116' title='bbox 654 1846 657 1847; x_wconf 10' lang='grc' dir='ltr'><em>γ</em></span> <span class='ocrx_word' id='word_1_117' title='bbox 706 1807 752 1845; x_wconf 85' lang='lat' dir='ltr'><strong>v.</strong></span> <span class='ocrx_word' id='word_1_118' title='bbox 782 1788 1026 1845; x_wconf 74' lang='lat' dir='ltr'><strong>Glanvcll</strong></span> <span class='ocrx_word' id='word_1_119' title='bbox 1060 1807 1122 1859; x_wconf 81' lang='lat' dir='ltr'><strong>p.</strong></span> <span class='ocrx_word' id='word_1_120' title='bbox 1153 1792 1291 1858; x_wconf 76' lang='grc'><strong><em>364).</em></strong></span> <span class='ocrx_word' id='word_1_121' title='bbox 1371 1790 1603 1845; x_wconf 75' lang='lat' dir='ltr'><strong><em>Albinus</em></strong></span> <span class='ocrx_word' id='word_1_122' title='bbox 1650 1791 1738 1846; x_wconf 74' lang='lat' dir='ltr'><strong>lib.</strong></span> <span class='ocrx_word' id='word_1_123' title='bbox 1774 1790 1836 1845; x_wconf 87' lang='grc' dir='ltr'>Χ</span> <span class='ocrx_word' id='word_1_124' title='bbox 1868 1807 1911 1846; x_wconf 87' lang='lat' dir='ltr'><strong>c.</strong></span> <span class='ocrx_word' id='word_1_125' title='bbox 1937 1796 2022 1846; x_wconf 89' lang='lat'><strong>30.</strong></span> <span class='ocrx_word' id='word_1_126' title='bbox 2111 1791 2337 1846; x_wconf 74' lang='lat' dir='ltr'><strong>Oeneius</strong></span> <span class='ocrx_word' id='word_1_127' title='bbox 2381 1807 2425 1845; x_wconf 86' lang='lat' dir='ltr'><strong>c.</strong></span> <span class='ocrx_word' id='word_1_128' title='bbox 2467 1798 2524 1845; x_wconf 83' lang='lat'><strong>71</strong></span> <span class='ocrx_word' id='word_1_129' title='bbox 2558 1789 2659 1860; x_wconf 78' lang='lat' dir='ltr'><strong>(ed.</strong></span> <span class='ocrx_word' id='word_1_130' title='bbox 2708 1790 3213 1847; x_wconf 73' lang='lat' dir='ltr'><strong>Fabre-Duchemc</strong></span> <span class='ocrx_word' id='word_1_131' title='bbox 3258 1791 3295 1844; x_wconf 95' lang='lat'><em>1</em></span> <span class='ocrx_word' id='word_1_132' title='bbox 3340 1793 3482 1855; x_wconf 86' lang='lat'><strong><em>350).</em></strong></span> <span class='ocrx_word' id='word_1_133' title='bbox 3525 1821 3593 1830; x_wconf 89' lang='lat'>—</span> 
     </span>
     <span class='ocr_line' id='line_1_14' title="bbox 706 1875 1489 1947; baseline -0.001 -15"><span class='ocrx_word' id='word_1_134' title='bbox 706 1876 870 1947; x_wconf 72' lang='lat' dir='ltr'><strong>Reqq.</strong></span> <span class='ocrx_word' id='word_1_135' title='bbox 907 1875 970 1931; x_wconf 88' lang='lat' dir='ltr'><strong>J.</strong></span> <span class='ocrx_word' id='word_1_136' title='bbox 1007 1884 1143 1932; x_wconf 82' lang='grc'><strong><em>1676.</em></strong></span> <span class='ocrx_word' id='word_1_137' title='bbox 1197 1875 1308 1931; x_wconf 84' lang='lat' dir='ltr'><strong><em>JE&#39;.</em></strong></span> <span class='ocrx_word' id='word_1_138' title='bbox 1345 1882 1489 1933; x_wconf 79' lang='lat'><strong><em>2031.</em></strong></span> 
     </span>
    </p>
   </div>
   <div class='ocr_carea' id='block_1_8' title="bbox 1085 1971 2790 2039">
    <p class='ocr_par' dir='ltr' id='par_1_8' title="bbox 1085 1971 2790 2039">
     <span class='ocr_line' id='line_1_15' title="bbox 1085 1971 2790 2039; baseline 0 -13"><span class='ocrx_word' id='word_1_139' title='bbox 1085 1971 1152 2026; x_wconf 87' lang='lat' dir='ltr'><strong>cf.</strong></span> <span class='ocrx_word' id='word_1_140' title='bbox 1190 1971 1363 2028; x_wconf 87' lang='lat' dir='ltr'><strong>etiam</strong></span> <span class='ocrx_word' id='word_1_141' title='bbox 1401 1971 1836 2039; x_wconf 80' lang='lat' dir='ltr'><strong>Civitavecchia,</strong></span> <span class='ocrx_word' id='word_1_142' title='bbox 1874 1972 2091 2029; x_wconf 86' lang='lat' dir='ltr'><strong>Civitas</strong></span> <span class='ocrx_word' id='word_1_143' title='bbox 2128 1971 2626 2029; x_wconf 73' lang='lat' dir='ltr'><strong>centumcellensis</strong></span> <span class='ocrx_word' id='word_1_144' title='bbox 2662 1991 2715 2027; x_wconf 89' lang='lat' dir='ltr'><strong>n.</strong></span> <span class='ocrx_word' id='word_1_145' title='bbox 2744 1972 2790 2027; x_wconf 92' lang='lat'><strong>1.</strong></span> 
     </span>
    </p>
   </div>
   <div class='ocr_carea' id='block_1_9' title="bbox 706 2110 3595 2408">
    <p class='ocr_par' dir='ltr' id='par_1_9' title="bbox 706 2110 3595 2408">
     <span class='ocr_line' id='line_1_16' title="bbox 706 2110 3511 2196; baseline -0.004 -11"><span class='ocrx_word' id='word_1_146' title='bbox 706 2117 749 2176; x_wconf 85' lang='lat'><strong><em>3</em></strong></span> <span class='ocrx_word' id='word_1_147' title='bbox 2656 2112 2980 2178; x_wconf 74' lang='lat' dir='ltr'><strong>Laterano</strong></span> <span class='ocrx_word' id='word_1_148' title='bbox 3024 2113 3255 2196; x_wconf 81' lang='lat'><em>(1145)</em></span> <span class='ocrx_word' id='word_1_149' title='bbox 3301 2110 3432 2175; x_wconf 80' lang='lat' dir='ltr'><strong>ian.</strong></span> <span class='ocrx_word' id='word_1_150' title='bbox 3465 2112 3511 2174; x_wconf 83' lang='lat'><strong><em>2</em></strong></span> 
     </span>
     <span class='ocr_line' id='line_1_17' title="bbox 707 2214 3595 2303; baseline -0.001 -22"><span class='ocrx_word' id='word_1_151' title='bbox 707 2217 991 2281; x_wconf 88' lang='lat' dir='ltr'><strong>Lucius</strong></span> <span class='ocrx_word' id='word_1_152' title='bbox 1034 2217 1108 2280; x_wconf 95' lang='lat' dir='ltr'><strong>II</strong></span> <span class='ocrx_word' id='word_1_153' title='bbox 1154 2215 1192 2301; x_wconf 97' lang='grc'><strong>[.</strong></span> <span class='ocrx_word' id='word_1_154' title='bbox 1230 2267 1243 2280; x_wconf 93' lang='grc'><strong>.</strong></span> <span class='ocrx_word' id='word_1_155' title='bbox 1280 2265 1293 2280; x_wconf 95' lang='grc'><strong>.</strong></span> <span class='ocrx_word' id='word_1_156' title='bbox 1330 2214 1401 2303; x_wconf 83' lang='grc'><strong><em>.;]</em></strong></span> <span class='ocrx_word' id='word_1_157' title='bbox 1452 2216 1747 2282; x_wconf 85' lang='lat' dir='ltr'><strong>concedit</strong></span> <span class='ocrx_word' id='word_1_158' title='bbox 1792 2217 2103 2282; x_wconf 86' lang='lat' dir='ltr'><strong>ecclesiae</strong></span> <span class='ocrx_word' id='word_1_159' title='bbox 2156 2238 2205 2278; x_wconf 91' lang='lat' dir='ltr'><strong>s.</strong></span> <span class='ocrx_word' id='word_1_160' title='bbox 2239 2215 2499 2282; x_wconf 79' lang='lat' dir='ltr'><strong>Sentias</strong></span> <span class='ocrx_word' id='word_1_161' title='bbox 2544 2217 2971 2301; x_wconf 82' lang='lat' dir='ltr'><strong>privilegium.</strong></span> <span class='ocrx_word' id='word_1_162' title='bbox 3018 2253 3105 2266; x_wconf 92' lang='lat'><strong>—</strong></span> <span class='ocrx_word' id='word_1_163' title='bbox 3153 2214 3595 2303; x_wconf 82' lang='lat' dir='ltr'><strong>[Apostolicae</strong></span> 
     </span>
     <span class='ocr_line' id='line_1_18' title="bbox 709 2312 1794 2408; baseline -0.001 -24"><span class='ocrx_word' id='word_1_164' title='bbox 709 2318 925 2408; x_wconf 91' lang='lat' dir='ltr'><strong>sedis.]</strong></span> <span class='ocrx_word' id='word_1_165' title='bbox 1013 2320 1164 2386; x_wconf 85' lang='lat' dir='ltr'><strong>Dat.</strong></span> <span class='ocrx_word' id='word_1_166' title='bbox 1191 2312 1355 2385; x_wconf 79' lang='lat' dir='ltr'><strong>Lat.</strong></span> <span class='ocrx_word' id='word_1_167' title='bbox 1405 2325 1442 2383; x_wconf 87' lang='grc'>4</span> <span class='ocrx_word' id='word_1_168' title='bbox 1475 2342 1621 2385; x_wconf 86' lang='grc' dir='ltr'><strong>ιιοιι.</strong></span> <span class='ocrx_word' id='word_1_169' title='bbox 1669 2322 1794 2385; x_wconf 88' lang='lat' dir='ltr'><strong>ian.</strong></span> 
     </span>
    </p>
   </div>
   <div class='ocr_carea' id='block_1_10' title="bbox 707 2429 3600 2587">
    <p class='ocr_par' dir='ltr' id='par_1_10' title="bbox 707 2429 3600 2587">
     <span class='ocr_line' id='line_1_19' title="bbox 915 2429 3600 2502; baseline -0.001 -18"><span class='ocrx_word' id='word_1_170' title='bbox 915 2432 967 2484; x_wconf 92' lang='lat' dir='ltr'><em>B</em></span> <span class='ocrx_word' id='word_1_171' title='bbox 1002 2448 1054 2485; x_wconf 85' lang='lat' dir='ltr'><strong>a.</strong></span> <span class='ocrx_word' id='word_1_172' title='bbox 1082 2437 1228 2487; x_wconf 78' lang='grc'><strong><em>1384.</em></strong></span> <span class='ocrx_word' id='word_1_173' title='bbox 1254 2461 1322 2473; x_wconf 89' lang='lat'><strong>-·</strong></span> <span class='ocrx_word' id='word_1_174' title='bbox 1357 2430 1498 2486; x_wconf 77' lang='lat' dir='ltr'><strong><em>Edd.</em></strong></span> <span class='ocrx_word' id='word_1_175' title='bbox 1541 2431 1684 2489; x_wconf 66' lang='lat' dir='ltr'><strong>Gutt.</strong></span> <span class='ocrx_word' id='word_1_176' title='bbox 1712 2431 1915 2487; x_wconf 72' lang='lat' dir='ltr'><strong>Nachr.</strong></span> <span class='ocrx_word' id='word_1_177' title='bbox 1940 2439 2066 2487; x_wconf 84' lang='lat'><em>1901</em></span> <span class='ocrx_word' id='word_1_178' title='bbox 2092 2448 2153 2502; x_wconf 81' lang='lat' dir='ltr'><strong>p.</strong></span> <span class='ocrx_word' id='word_1_179' title='bbox 2178 2438 2276 2487; x_wconf 79' lang='lat'><strong>224</strong></span> <span class='ocrx_word' id='word_1_180' title='bbox 2310 2448 2365 2487; x_wconf 77' lang='lat' dir='ltr'><strong>n.</strong></span> <span class='ocrx_word' id='word_1_181' title='bbox 2393 2438 2424 2486; x_wconf 89' lang='grc'>9</span> <span class='ocrx_word' id='word_1_182' title='bbox 2458 2446 2525 2485; x_wconf 76' lang='lat' dir='ltr'><strong>ex</strong></span> <span class='ocrx_word' id='word_1_183' title='bbox 2562 2431 2618 2485; x_wconf 88' lang='lat' dir='ltr'><em>B</em></span> <span class='ocrx_word' id='word_1_184' title='bbox 2645 2438 2708 2486; x_wconf 77' lang='lat' dir='ltr'><strong>ut</strong></span> <span class='ocrx_word' id='word_1_185' title='bbox 2733 2431 2928 2487; x_wconf 73' lang='lat' dir='ltr'><strong>bullam</strong></span> <span class='ocrx_word' id='word_1_186' title='bbox 2953 2431 3120 2486; x_wconf 72' lang='lat' dir='ltr'><strong>Lucii</strong></span> <span class='ocrx_word' id='word_1_187' title='bbox 3143 2432 3258 2486; x_wconf 88' lang='grc' dir='ltr'><strong><em>ΠΙ.</em></strong></span> <span class='ocrx_word' id='word_1_188' title='bbox 3331 2429 3501 2501; x_wconf 59' lang='lat' dir='ltr'><strong>Equus?</strong></span> <span class='ocrx_word' id='word_1_189' title='bbox 3535 2430 3600 2483; x_wconf 76' lang='lat' dir='ltr'><strong>in</strong></span> 
     </span>
     <span class='ocr_line' id='line_1_20' title="bbox 707 2516 2835 2587; baseline 0 -14"><span class='ocrx_word' id='word_1_190' title='bbox 707 2516 926 2575; x_wconf 78' lang='lat' dir='ltr'><strong>Bullett.</strong></span> <span class='ocrx_word' id='word_1_191' title='bbox 964 2517 1082 2573; x_wconf 70' lang='lat'><em>‹1011&#39;</em></span> <span class='ocrx_word' id='word_1_192' title='bbox 1105 2518 1198 2573; x_wconf 81' lang='lat' dir='ltr'><strong>Ist.</strong></span> <span class='ocrx_word' id='word_1_193' title='bbox 1237 2524 1365 2573; x_wconf 61' lang='lat' dir='ltr'><strong>ntor.</strong></span> <span class='ocrx_word' id='word_1_194' title='bbox 1400 2518 1512 2574; x_wconf 73' lang='lat' dir='ltr'><strong>ital.</strong></span> <span class='ocrx_word' id='word_1_195' title='bbox 1553 2516 1812 2573; x_wconf 87' lang='lat' dir='ltr'><strong><em>XXVII</em></strong></span> <span class='ocrx_word' id='word_1_196' title='bbox 1843 2523 1905 2574; x_wconf 75' lang='lat'><strong>72</strong></span> <span class='ocrx_word' id='word_1_197' title='bbox 1936 2536 1991 2574; x_wconf 75' lang='lat' dir='ltr'><strong>n.</strong></span> <span class='ocrx_word' id='word_1_198' title='bbox 2018 2524 2084 2573; x_wconf 83' lang='lat'><strong>39</strong></span> <span class='ocrx_word' id='word_1_199' title='bbox 2117 2532 2183 2572; x_wconf 72' lang='lat' dir='ltr'><strong>ex</strong></span> <span class='ocrx_word' id='word_1_200' title='bbox 2216 2518 2287 2573; x_wconf 93' lang='lat' dir='ltr'><strong>B.</strong></span> <span class='ocrx_word' id='word_1_201' title='bbox 2324 2547 2392 2557; x_wconf 92' lang='lat'><strong>—-</strong></span> <span class='ocrx_word' id='word_1_202' title='bbox 2431 2517 2563 2587; x_wconf 76' lang='lat' dir='ltr'><strong>Req.</strong></span> <span class='ocrx_word' id='word_1_203' title='bbox 2602 2517 2714 2575; x_wconf 89' lang='lat' dir='ltr'><strong>JL.</strong></span> <span class='ocrx_word' id='word_1_204' title='bbox 2752 2549 2835 2573; x_wconf 88' lang='lat'><strong>—.</strong></span> 
     </span>
    </p>
   </div>
   <div class='ocr_carea' id='block_1_11' title="bbox 912 2611 3599 3032">
    <p class='ocr_par' dir='ltr' id='par_1_11' title="bbox 912 2611 3599 3032">
     <span class='ocr_line' id='line_1_21' title="bbox 1060 2611 3594 2684; baseline -0.001 -17"><span class='ocrx_word' id='word_1_205' title='bbox 1060 2613 1487 2684; x_wconf 74' lang='lat' dir='ltr'><strong>‘Apographum</strong></span> <span class='ocrx_word' id='word_1_206' title='bbox 1523 2630 1574 2668; x_wconf 90' lang='lat' dir='ltr'><strong>a.</strong></span> <span class='ocrx_word' id='word_1_207' title='bbox 1601 2613 1738 2669; x_wconf 80' lang='lat'>1384</span> <span class='ocrx_word' id='word_1_208' title='bbox 1782 2631 1849 2670; x_wconf 89' lang='lat' dir='ltr'><strong>ex</strong></span> <span class='ocrx_word' id='word_1_209' title='bbox 1895 2613 2009 2670; x_wconf 90' lang='lat' dir='ltr'><strong>alio</strong></span> <span class='ocrx_word' id='word_1_210' title='bbox 2046 2612 2377 2684; x_wconf 83' lang='lat' dir='ltr'><strong>apographo</strong></span> <span class='ocrx_word' id='word_1_211' title='bbox 2423 2629 2474 2668; x_wconf 89' lang='lat' dir='ltr'><strong>a.</strong></span> <span class='ocrx_word' id='word_1_212' title='bbox 2509 2614 2645 2669; x_wconf 85' lang='lat'>1255</span> <span class='ocrx_word' id='word_1_213' title='bbox 2680 2611 2793 2668; x_wconf 89' lang='lat' dir='ltr'><strong>iun.</strong></span> <span class='ocrx_word' id='word_1_214' title='bbox 2819 2614 2851 2667; x_wconf 85' lang='grc'><strong><em>7</em></strong></span> <span class='ocrx_word' id='word_1_215' title='bbox 2887 2612 3294 2683; x_wconf 78' lang='lat' dir='ltr'><strong>transcriptum</strong></span> <span class='ocrx_word' id='word_1_216' title='bbox 3330 2611 3387 2665; x_wconf 88' lang='lat' dir='ltr'><strong>in</strong></span> <span class='ocrx_word' id='word_1_217' title='bbox 3423 2628 3594 2667; x_wconf 87' lang='lat' dir='ltr'><strong>mem·</strong></span> 
     </span>
     <span class='ocr_line' id='line_1_22' title="bbox 913 2697 3597 2772; baseline -0.002 -16"><span class='ocrx_word' id='word_1_218' title='bbox 913 2700 1116 2766; x_wconf 86' lang='lat' dir='ltr'><strong>brana,</strong></span> <span class='ocrx_word' id='word_1_219' title='bbox 1166 2717 1312 2770; x_wconf 87' lang='lat' dir='ltr'><strong>quae</strong></span> <span class='ocrx_word' id='word_1_220' title='bbox 1348 2717 1417 2756; x_wconf 82' lang='lat' dir='ltr'><strong>ex</strong></span> <span class='ocrx_word' id='word_1_221' title='bbox 1453 2700 1632 2756; x_wconf 84' lang='lat' dir='ltr'><strong>tribus</strong></span> <span class='ocrx_word' id='word_1_222' title='bbox 1668 2700 2016 2772; x_wconf 81' lang='lat' dir='ltr'><strong>marginibus</strong></span> <span class='ocrx_word' id='word_1_223' title='bbox 2053 2702 2338 2764; x_wconf 83' lang='lat' dir='ltr'><strong>resecata,</strong></span> <span class='ocrx_word' id='word_1_224' title='bbox 2388 2699 2568 2754; x_wconf 89' lang='lat' dir='ltr'><strong>solum</strong></span> <span class='ocrx_word' id='word_1_225' title='bbox 2605 2703 2826 2771; x_wconf 87' lang='lat' dir='ltr'><strong>partem</strong></span> <span class='ocrx_word' id='word_1_226' title='bbox 2862 2702 3052 2756; x_wconf 84' lang='lat' dir='ltr'><strong>textus</strong></span> <span class='ocrx_word' id='word_1_227' title='bbox 3087 2698 3351 2768; x_wconf 75' lang='lat' dir='ltr'><strong>praebet,</strong></span> <span class='ocrx_word' id='word_1_228' title='bbox 3387 2697 3486 2767; x_wconf 88' lang='lat' dir='ltr'><strong>qui</strong></span> <span class='ocrx_word' id='word_1_229' title='bbox 3523 2698 3597 2751; x_wconf 89' lang='lat' dir='ltr'><strong>de</strong></span> 
     </span>
     <span class='ocr_line' id='line_1_23' title="bbox 912 2783 3596 2858; baseline 0 -17"><span class='ocrx_word' id='word_1_230' title='bbox 912 2786 1261 2843; x_wconf 85' lang='lat' dir='ltr'><strong>subiectione</strong></span> <span class='ocrx_word' id='word_1_231' title='bbox 1305 2786 1529 2843; x_wconf 86' lang='lat' dir='ltr'><strong>Blerani</strong></span> <span class='ocrx_word' id='word_1_232' title='bbox 1576 2787 1937 2858; x_wconf 76' lang='lat' dir='ltr'><strong>episcopatus</strong></span> <span class='ocrx_word' id='word_1_233' title='bbox 1983 2786 2088 2842; x_wconf 91' lang='lat' dir='ltr'><strong>sub</strong></span> <span class='ocrx_word' id='word_1_234' title='bbox 2125 2787 2467 2844; x_wconf 86' lang='lat' dir='ltr'><strong>Tuscanensi</strong></span> <span class='ocrx_word' id='word_1_235' title='bbox 2510 2785 2776 2858; x_wconf 86' lang='lat' dir='ltr'><strong>episcopo</strong></span> <span class='ocrx_word' id='word_1_236' title='bbox 2820 2789 2879 2843; x_wconf 88' lang='lat' dir='ltr'><strong>et</strong></span> <span class='ocrx_word' id='word_1_237' title='bbox 2914 2785 2984 2842; x_wconf 89' lang='lat' dir='ltr'><strong>de</strong></span> <span class='ocrx_word' id='word_1_238' title='bbox 3019 2786 3288 2842; x_wconf 86' lang='lat' dir='ltr'><strong>libertate</strong></span> <span class='ocrx_word' id='word_1_239' title='bbox 3323 2783 3596 2841; x_wconf 86' lang='lat' dir='ltr'><strong>ecclesiae</strong></span> 
     </span>
     <span class='ocr_line' id='line_1_24' title="bbox 912 2871 3599 2945; baseline -0 -18"><span class='ocrx_word' id='word_1_240' title='bbox 912 2892 954 2927; x_wconf 89' lang='lat' dir='ltr'><strong>s.</strong></span> <span class='ocrx_word' id='word_1_241' title='bbox 981 2871 1209 2930; x_wconf 79' lang='lat' dir='ltr'><strong>Sentias</strong></span> <span class='ocrx_word' id='word_1_242' title='bbox 1244 2889 1411 2945; x_wconf 85' lang='lat' dir='ltr'><strong>agere</strong></span> <span class='ocrx_word' id='word_1_243' title='bbox 1449 2873 1683 2929; x_wconf 87' lang='lat' dir='ltr'><strong>videtur.</strong></span> <span class='ocrx_word' id='word_1_244' title='bbox 1711 2904 1778 2915; x_wconf 93' lang='lat'><strong>—-</strong></span> <span class='ocrx_word' id='word_1_245' title='bbox 1802 2873 2006 2930; x_wconf 89' lang='lat' dir='ltr'><strong>Nescio</strong></span> <span class='ocrx_word' id='word_1_246' title='bbox 2044 2891 2155 2943; x_wconf 91' lang='lat' dir='ltr'><strong>quo</strong></span> <span class='ocrx_word' id='word_1_247' title='bbox 2191 2892 2374 2931; x_wconf 88' lang='lat' dir='ltr'><strong>errore</strong></span> <span class='ocrx_word' id='word_1_248' title='bbox 2409 2874 2687 2938; x_wconf 84' lang='lat' dir='ltr'><strong>inductus,</strong></span> <span class='ocrx_word' id='word_1_249' title='bbox 2723 2872 3059 2944; x_wconf 87' lang='lat' dir='ltr'><strong>rescriptum</strong></span> <span class='ocrx_word' id='word_1_250' title='bbox 3093 2872 3216 2938; x_wconf 84' lang='lat' dir='ltr'><strong>hoc,</strong></span> <span class='ocrx_word' id='word_1_251' title='bbox 3253 2888 3599 2941; x_wconf 87' lang='lat' dir='ltr'><strong>quamquam</strong></span> 
     </span>
     <span class='ocr_line' id='line_1_25' title="bbox 915 2958 2949 3032; baseline 0 -18"><span class='ocrx_word' id='word_1_252' title='bbox 915 2958 1071 3014; x_wconf 88' lang='lat' dir='ltr'><strong>bulla</strong></span> <span class='ocrx_word' id='word_1_253' title='bbox 1108 2959 1266 3017; x_wconf 87' lang='lat' dir='ltr'><strong>Lucii</strong></span> <span class='ocrx_word' id='word_1_254' title='bbox 1299 2960 1354 3014; x_wconf 90' lang='lat'><strong>11</strong></span> <span class='ocrx_word' id='word_1_255' title='bbox 1390 2961 1667 3032; x_wconf 85' lang='lat' dir='ltr'><strong>expressis</strong></span> <span class='ocrx_word' id='word_1_256' title='bbox 1701 2960 1886 3016; x_wconf 85' lang='lat' dir='ltr'><strong>verbis</strong></span> <span class='ocrx_word' id='word_1_257' title='bbox 1922 2960 2276 3028; x_wconf 78' lang='lat' dir='ltr'><strong>describitur,</strong></span> <span class='ocrx_word' id='word_1_258' title='bbox 2314 2961 2484 3017; x_wconf 91' lang='lat' dir='ltr'><strong>Lucio</strong></span> <span class='ocrx_word' id='word_1_259' title='bbox 2521 2961 2601 3015; x_wconf 91' lang='lat'><strong>111</strong></span> <span class='ocrx_word' id='word_1_260' title='bbox 2640 2958 2949 3017; x_wconf 85' lang='lat' dir='ltr'><strong>tribuerim.</strong></span> 
     </span>
    </p>
   </div>
   <div class='ocr_carea' id='block_1_12' title="bbox 1972 3238 2321 3307">
    <p class='ocr_par' dir='ltr' id='par_1_12' title="bbox 1972 3238 2321 3307">
     <span class='ocr_line' id='line_1_26' title="bbox 1972 3238 2321 3307; baseline 0 -1"><span class='ocrx_word' id='word_1_261' title='bbox 1972 3238 2321 3307; x_wconf 71' lang='lat' dir='ltr'><strong>vetralla.</strong></span> 
     </span>
    </p>
   </div>
   <div class='ocr_carea' id='block_1_13' title="bbox 710 3392 3600 3640">
    <p class='ocr_par' dir='ltr' id='par_1_13' title="bbox 710 3392 3600 3640">
     <span class='ocr_line' id='line_1_27' title="bbox 915 3392 3598 3468; baseline -0 -19"><span class='ocrx_word' id='word_1_262' title='bbox 915 3393 1081 3466; x_wconf 82' lang='lat' dir='ltr'><strong>Luigi</strong></span> <span class='ocrx_word' id='word_1_263' title='bbox 1118 3394 1231 3452; x_wconf 86' lang='lat' dir='ltr'><strong>Ser</strong></span> <span class='ocrx_word' id='word_1_264' title='bbox 1245 3394 1420 3452; x_wconf 75' lang='lat' dir='ltr'><strong>asini</strong></span> <span class='ocrx_word' id='word_1_265' title='bbox 1452 3395 1711 3451; x_wconf 77' lang='lat' dir='ltr'><strong>vetralla</strong></span> <span class='ocrx_word' id='word_1_266' title='bbox 1746 3396 1937 3452; x_wconf 81' lang='lat' dir='ltr'><strong>antica</strong></span> <span class='ocrx_word' id='word_1_267' title='bbox 1973 3395 2371 3468; x_wconf 83' lang='lat' dir='ltr'><strong>cognominata</strong></span> <span class='ocrx_word' id='word_1_268' title='bbox 2407 3395 2454 3450; x_wconf 95' lang='lat' dir='ltr'><strong>Il</strong></span> <span class='ocrx_word' id='word_1_269' title='bbox 2493 3395 2631 3450; x_wconf 86' lang='lat' dir='ltr'><strong>Foro</strong></span> <span class='ocrx_word' id='word_1_270' title='bbox 2669 3394 2728 3450; x_wconf 89' lang='lat' dir='ltr'><strong>di</strong></span> <span class='ocrx_word' id='word_1_271' title='bbox 2754 3393 2945 3451; x_wconf 88' lang='lat' dir='ltr'><strong>Cassio</strong></span> <span class='ocrx_word' id='word_1_272' title='bbox 2985 3396 3003 3428; x_wconf 87' lang='lat'><strong>¹</strong></span> <span class='ocrx_word' id='word_1_273' title='bbox 3038 3393 3123 3461; x_wconf 92' lang='lat' dir='ltr'><strong>(In</strong></span> <span class='ocrx_word' id='word_1_274' title='bbox 3148 3392 3382 3448; x_wconf 83' lang='lat' dir='ltr'><strong>Viterbo</strong></span> <span class='ocrx_word' id='word_1_275' title='bbox 3410 3392 3564 3460; x_wconf 79' lang='lat'>1648)</span> <span class='ocrx_word' id='word_1_276' title='bbox 3584 3415 3598 3458; x_wconf 93' lang='lat'>;</span> 
     </span>
     <span class='ocr_line' id='line_1_28' title="bbox 710 3477 3600 3553; baseline -0.001 -16"><span class='ocrx_word' id='word_1_277' title='bbox 710 3485 732 3517; x_wconf 84' lang='lat'><strong>¹</strong></span> <span class='ocrx_word' id='word_1_278' title='bbox 758 3482 1038 3551; x_wconf 86' lang='lat' dir='ltr'><strong>(Vetralla</strong></span> <span class='ocrx_word' id='word_1_279' title='bbox 1076 3482 1250 3553; x_wconf 88' lang='grc'><strong><em>1896).</em></strong></span> <span class='ocrx_word' id='word_1_280' title='bbox 1286 3513 1350 3523; x_wconf 91' lang='grc'>-</span> <span class='ocrx_word' id='word_1_281' title='bbox 1388 3483 1699 3538; x_wconf 81' lang='lat' dir='ltr'><strong>Marocco</strong></span> <span class='ocrx_word' id='word_1_282' title='bbox 1735 3483 2083 3540; x_wconf 81' lang='lat' dir='ltr'><strong>Monumenti</strong></span> <span class='ocrx_word' id='word_1_283' title='bbox 2123 3482 2253 3538; x_wconf 85' lang='lat' dir='ltr'><strong>XIV</strong></span> <span class='ocrx_word' id='word_1_284' title='bbox 2282 3484 2382 3539; x_wconf 81' lang='lat'><strong>164</strong></span> <span class='ocrx_word' id='word_1_285' title='bbox 2399 3501 2479 3552; x_wconf 89' lang='lat' dir='ltr'><strong>sq.</strong></span> <span class='ocrx_word' id='word_1_286' title='bbox 2519 3512 2583 3522; x_wconf 88' lang='lat'>-</span> <span class='ocrx_word' id='word_1_287' title='bbox 2622 3479 2879 3537; x_wconf 84' lang='lat' dir='ltr'><strong>Moroni</strong></span> <span class='ocrx_word' id='word_1_288' title='bbox 2915 3477 3234 3536; x_wconf 82' lang='lat' dir='ltr'><strong>Dizionario</strong></span> <span class='ocrx_word' id='word_1_289' title='bbox 3270 3478 3368 3535; x_wconf 89' lang='lat' dir='ltr'><strong>CII</strong></span> <span class='ocrx_word' id='word_1_290' title='bbox 3396 3479 3495 3534; x_wconf 83' lang='lat'><strong>125</strong></span> <span class='ocrx_word' id='word_1_291' title='bbox 3515 3497 3600 3547; x_wconf 88' lang='lat' dir='ltr'><strong>sq.</strong></span> 
     </span>
     <span class='ocr_line' id='line_1_29' title="bbox 710 3565 3127 3640; baseline -0.001 -17"><span class='ocrx_word' id='word_1_292' title='bbox 710 3600 774 3609; x_wconf 90' lang='lat'>—</span> <span class='ocrx_word' id='word_1_293' title='bbox 811 3568 873 3624; x_wconf 93' lang='grc' dir='ltr'><strong>Ρ.</strong></span> <span class='ocrx_word' id='word_1_294' title='bbox 898 3568 1273 3640; x_wconf 81' lang='lat' dir='ltr'><strong>Savignoni</strong></span> <span class='ocrx_word' id='word_1_295' title='bbox 1311 3569 1361 3623; x_wconf 94' lang='lat' dir='ltr'><strong>Il</strong></span> <span class='ocrx_word' id='word_1_296' title='bbox 1401 3584 1634 3625; x_wconf 89' lang='lat' dir='ltr'><strong>comune</strong></span> <span class='ocrx_word' id='word_1_297' title='bbox 1670 3569 1728 3624; x_wconf 89' lang='lat' dir='ltr'><strong>di</strong></span> <span class='ocrx_word' id='word_1_298' title='bbox 1766 3568 2024 3626; x_wconf 87' lang='lat' dir='ltr'><strong>Vetralla</strong></span> <span class='ocrx_word' id='word_1_299' title='bbox 2059 3569 2153 3624; x_wconf 89' lang='lat' dir='ltr'><strong>nei</strong></span> <span class='ocrx_word' id='word_1_300' title='bbox 2187 3568 2358 3625; x_wconf 88' lang='lat' dir='ltr'><strong>secoli</strong></span> <span class='ocrx_word' id='word_1_301' title='bbox 2392 3567 2682 3623; x_wconf 84' lang='lat' dir='ltr'>XII—XV</span> <span class='ocrx_word' id='word_1_302' title='bbox 2720 3567 2917 3635; x_wconf 86' lang='lat' dir='ltr'><strong>(Roma</strong></span> <span class='ocrx_word' id='word_1_303' title='bbox 2957 3565 3127 3635; x_wconf 85' lang='lat'>1897).</span> 
     </span>
    </p>
   </div>
   <div class='ocr_carea' id='block_1_14' title="bbox 707 3748 3604 4773">
    <p class='ocr_par' dir='ltr' id='par_1_14' title="bbox 707 3748 3602 4357">
     <span class='ocr_line' id='line_1_30' title="bbox 924 3748 3596 3838; baseline -0.002 -21"><span class='ocrx_word' id='word_1_304' title='bbox 924 3752 1283 3818; x_wconf 82' lang='lat' dir='ltr'><strong>Vetrallam</strong></span> <span class='ocrx_word' id='word_1_305' title='bbox 1340 3752 1493 3817; x_wconf 89' lang='lat' dir='ltr'><strong>olim</strong></span> <span class='ocrx_word' id='word_1_306' title='bbox 1554 3751 1776 3818; x_wconf 90' lang='lat' dir='ltr'><strong>sedem</strong></span> <span class='ocrx_word' id='word_1_307' title='bbox 1836 3752 2271 3838; x_wconf 89' lang='lat' dir='ltr'><strong>episcopalem</strong></span> <span class='ocrx_word' id='word_1_308' title='bbox 2326 3752 2553 3835; x_wconf 86' lang='lat' dir='ltr'><strong>fuisse,</strong></span> <span class='ocrx_word' id='word_1_309' title='bbox 2615 3750 2866 3816; x_wconf 89' lang='lat' dir='ltr'><strong>incolae</strong></span> <span class='ocrx_word' id='word_1_310' title='bbox 2928 3748 3114 3814; x_wconf 91' lang='lat' dir='ltr'><strong>huius</strong></span> <span class='ocrx_word' id='word_1_311' title='bbox 3177 3756 3387 3814; x_wconf 82' lang='lat' dir='ltr'><strong>terrae</strong></span> <span class='ocrx_word' id='word_1_312' title='bbox 3442 3768 3596 3812; x_wconf 92' lang='lat' dir='ltr'><strong>con—</strong></span> 
     </span>
     <span class='ocr_line' id='line_1_31' title="bbox 708 3854 3600 3975; baseline -0.002 -56"><span class='ocrx_word' id='word_1_313' title='bbox 708 3854 1090 3939; x_wconf 82' lang='lat' dir='ltr'><strong>tendebant,</strong></span> <span class='ocrx_word' id='word_1_314' title='bbox 1146 3855 1260 3922; x_wconf 92' lang='lat' dir='ltr'><strong>sed</strong></span> <span class='ocrx_word' id='word_1_315' title='bbox 1318 3856 1509 3920; x_wconf 90' lang='lat' dir='ltr'><strong>nullis</strong></span> <span class='ocrx_word' id='word_1_316' title='bbox 1561 3876 1820 3940; x_wconf 88' lang='lat' dir='ltr'><strong>prorsus</strong></span> <span class='ocrx_word' id='word_1_317' title='bbox 1864 3855 2173 3975; x_wconf 78' lang='lat' dir='ltr'><strong>probatur</strong></span> <span class='ocrx_word' id='word_1_318' title='bbox 2224 3855 2672 3922; x_wconf 81' lang='lat' dir='ltr'><strong>monumentis.</strong></span> <span class='ocrx_word' id='word_1_319' title='bbox 2763 3854 3102 3939; x_wconf 86' lang='lat' dir='ltr'><strong>Perpauca</strong></span> <span class='ocrx_word' id='word_1_320' title='bbox 3147 3854 3316 3918; x_wconf 90' lang='lat' dir='ltr'><strong>enim</strong></span> <span class='ocrx_word' id='word_1_321' title='bbox 3364 3854 3600 3944; x_wconf 80' lang='lat' dir='ltr'><strong>scimus</strong></span> 
     </span>
     <span class='ocr_line' id='line_1_32' title="bbox 710 3955 3600 4046; baseline -0.001 -23"><span class='ocrx_word' id='word_1_322' title='bbox 710 3958 792 4034; x_wconf 89' lang='lat' dir='ltr'><strong>de</strong></span> <span class='ocrx_word' id='word_1_323' title='bbox 836 3959 1104 4025; x_wconf 84' lang='lat' dir='ltr'><strong>historia</strong></span> <span class='ocrx_word' id='word_1_324' title='bbox 1147 3960 1334 4024; x_wconf 89' lang='lat' dir='ltr'><strong>huius</strong></span> <span class='ocrx_word' id='word_1_325' title='bbox 1379 3959 1599 4046; x_wconf 90' lang='lat' dir='ltr'><strong>oppidi</strong></span> <span class='ocrx_word' id='word_1_326' title='bbox 1644 3960 1710 4024; x_wconf 92' lang='lat' dir='ltr'><strong>in</strong></span> <span class='ocrx_word' id='word_1_327' title='bbox 1755 3959 1952 4025; x_wconf 90' lang='lat' dir='ltr'><strong>medii</strong></span> <span class='ocrx_word' id='word_1_328' title='bbox 1998 3961 2142 4025; x_wconf 85' lang='lat' dir='ltr'><strong>aevi</strong></span> <span class='ocrx_word' id='word_1_329' title='bbox 2187 3960 2459 4025; x_wconf 88' lang='lat' dir='ltr'><strong>saeculis</strong></span> <span class='ocrx_word' id='word_1_330' title='bbox 2504 3959 2715 4044; x_wconf 86' lang='lat' dir='ltr'><strong>deque</strong></span> <span class='ocrx_word' id='word_1_331' title='bbox 2762 3959 2899 4022; x_wconf 89' lang='lat' dir='ltr'><strong>eius</strong></span> <span class='ocrx_word' id='word_1_332' title='bbox 2941 3957 3215 4022; x_wconf 88' lang='lat' dir='ltr'><strong>ecclesia</strong></span> <span class='ocrx_word' id='word_1_333' title='bbox 3260 3955 3341 4022; x_wconf 88' lang='lat' dir='ltr'><strong>ab</strong></span> <span class='ocrx_word' id='word_1_334' title='bbox 3386 3955 3600 4020; x_wconf 89' lang='lat' dir='ltr'><strong>archi-</strong></span> 
     </span>
     <span class='ocr_line' id='line_1_33' title="bbox 707 4055 3602 4147; baseline -0.001 -21"><span class='ocrx_word' id='word_1_335' title='bbox 707 4061 1085 4147; x_wconf 83' lang='lat' dir='ltr'><strong>presbytero</strong></span> <span class='ocrx_word' id='word_1_336' title='bbox 1130 4070 1326 4129; x_wconf 87' lang='lat' dir='ltr'><strong>recta.</strong></span> <span class='ocrx_word' id='word_1_337' title='bbox 1415 4063 1561 4128; x_wconf 93' lang='lat' dir='ltr'><strong>Hoc</strong></span> <span class='ocrx_word' id='word_1_338' title='bbox 1607 4069 1854 4128; x_wconf 79' lang='lat' dir='ltr'><strong>tantum</strong></span> <span class='ocrx_word' id='word_1_339' title='bbox 1897 4062 1964 4127; x_wconf 91' lang='lat' dir='ltr'><strong>in</strong></span> <span class='ocrx_word' id='word_1_340' title='bbox 2007 4064 2387 4128; x_wconf 84' lang='lat' dir='ltr'><strong>memoriam</strong></span> <span class='ocrx_word' id='word_1_341' title='bbox 2432 4083 2841 4144; x_wconf 79' lang='lat' dir='ltr'><strong>revocamus,</strong></span> <span class='ocrx_word' id='word_1_342' title='bbox 2896 4060 3258 4146; x_wconf 85' lang='lat' dir='ltr'><strong>Eugenium</strong></span> <span class='ocrx_word' id='word_1_343' title='bbox 3304 4055 3440 4141; x_wconf 82' lang='lat'>111,</span> <span class='ocrx_word' id='word_1_344' title='bbox 3489 4060 3602 4143; x_wconf 91' lang='lat' dir='ltr'><strong>qui</strong></span> 
     </span>
     <span class='ocr_line' id='line_1_34' title="bbox 709 4160 3602 4252; baseline -0.002 -20"><span class='ocrx_word' id='word_1_345' title='bbox 709 4188 766 4232; x_wconf 85' lang='lat' dir='ltr'><strong>a.</strong></span> <span class='ocrx_word' id='word_1_346' title='bbox 824 4173 985 4232; x_wconf 87' lang='grc'><strong><em>1145</em></strong></span> <span class='ocrx_word' id='word_1_347' title='bbox 1053 4189 1138 4231; x_wconf 82' lang='grc' dir='ltr'><strong>ιιι.</strong></span> <span class='ocrx_word' id='word_1_348' title='bbox 1194 4166 1523 4233; x_wconf 87' lang='lat' dir='ltr'><strong>decembri</strong></span> <span class='ocrx_word' id='word_1_349' title='bbox 1581 4166 1672 4233; x_wconf 90' lang='lat' dir='ltr'><strong>ibi</strong></span> <span class='ocrx_word' id='word_1_350' title='bbox 1738 4166 2203 4252; x_wconf 83' lang='lat' dir='ltr'><strong>aliquantulum</strong></span> <span class='ocrx_word' id='word_1_351' title='bbox 2271 4171 2701 4231; x_wconf 81' lang='lat' dir='ltr'><strong>commoratus</strong></span> <span class='ocrx_word' id='word_1_352' title='bbox 2766 4170 2891 4247; x_wconf 81' lang='lat' dir='ltr'><strong>est,</strong></span> <span class='ocrx_word' id='word_1_353' title='bbox 2959 4184 2998 4228; x_wconf 85' lang='lat' dir='ltr'><strong>a</strong></span> <span class='ocrx_word' id='word_1_354' title='bbox 3064 4163 3192 4227; x_wconf 92' lang='lat' dir='ltr'><strong>loci</strong></span> <span class='ocrx_word' id='word_1_355' title='bbox 3260 4160 3602 4227; x_wconf 81' lang='lat' dir='ltr'><strong>comitibus</strong></span> 
     </span>
     <span class='ocr_line' id='line_1_35' title="bbox 710 4268 2700 4357; baseline -0.002 -21"><span class='ocrx_word' id='word_1_356' title='bbox 710 4278 988 4337; x_wconf 86' lang='lat' dir='ltr'><strong>castrum</strong></span> <span class='ocrx_word' id='word_1_357' title='bbox 1033 4271 1367 4337; x_wconf 88' lang='lat' dir='ltr'><strong>Vetrallae</strong></span> <span class='ocrx_word' id='word_1_358' title='bbox 1414 4271 1669 4357; x_wconf 85' lang='lat' dir='ltr'><strong>aliaque</strong></span> <span class='ocrx_word' id='word_1_359' title='bbox 1714 4270 1859 4335; x_wconf 88' lang='lat' dir='ltr'><strong>loca</strong></span> <span class='ocrx_word' id='word_1_360' title='bbox 1902 4271 2313 4355; x_wconf 83' lang='lat' dir='ltr'><strong>acquisivisse</strong></span> <span class='ocrx_word' id='word_1_361' title='bbox 2359 4269 2449 4355; x_wconf 92' lang='lat' dir='ltr'><strong>(n.</strong></span> <span class='ocrx_word' id='word_1_362' title='bbox 2490 4268 2700 4355; x_wconf 65' lang='lat'><strong><em>1-3).</em></strong></span> 
     </span>
    </p>

    <p class='ocr_par' dir='ltr' id='par_1_15' title="bbox 712 4370 3603 4566">
     <span class='ocr_line' id='line_1_36' title="bbox 926 4370 3603 4461; baseline -0.002 -22"><span class='ocrx_word' id='word_1_363' title='bbox 926 4376 1278 4442; x_wconf 83' lang='lat' dir='ltr'><strong>Praeterea</strong></span> <span class='ocrx_word' id='word_1_364' title='bbox 1346 4375 1623 4461; x_wconf 85' lang='lat' dir='ltr'><strong>legimus</strong></span> <span class='ocrx_word' id='word_1_365' title='bbox 1694 4374 1866 4459; x_wconf 91' lang='lat' dir='ltr'><strong>apud</strong></span> <span class='ocrx_word' id='word_1_366' title='bbox 1918 4372 2228 4438; x_wconf 82' lang='lat' dir='ltr'><strong>Albinum</strong></span> <span class='ocrx_word' id='word_1_367' title='bbox 2291 4380 2358 4439; x_wconf 82' lang='lat' dir='ltr'><strong>et</strong></span> <span class='ocrx_word' id='word_1_368' title='bbox 2420 4371 2726 4439; x_wconf 84' lang='lat' dir='ltr'><strong>Oencium</strong></span> <span class='ocrx_word' id='word_1_369' title='bbox 2789 4371 2921 4458; x_wconf 92' lang='lat' dir='ltr'><strong>(ed.</strong></span> <span class='ocrx_word' id='word_1_370' title='bbox 2981 4370 3237 4438; x_wconf 84' lang='lat' dir='ltr'><strong>Fabre-</strong></span> <span class='ocrx_word' id='word_1_371' title='bbox 3255 4370 3603 4435; x_wconf 88' lang='lat' dir='ltr'><strong>Duohesne</strong></span> 
     </span>
     <span class='ocr_line' id='line_1_37' title="bbox 712 4478 1256 4566; baseline -0.002 -23"><span class='ocrx_word' id='word_1_372' title='bbox 712 4480 747 4543; x_wconf 96' lang='lat' dir='ltr'>I</span> <span class='ocrx_word' id='word_1_373' title='bbox 794 4484 910 4557; x_wconf 81' lang='lat'><strong>563</strong></span> <span class='ocrx_word' id='word_1_374' title='bbox 956 4479 1027 4543; x_wconf 95' lang='lat' dir='ltr'><strong>II</strong></span> <span class='ocrx_word' id='word_1_375' title='bbox 1078 4478 1256 4566; x_wconf 88' lang='lat'>110):</span> 
     </span>
    </p>

    <p class='ocr_par' dir='ltr' id='par_1_16' title="bbox 973 4574 3604 4773">
     <span class='ocr_line' id='line_1_38' title="bbox 1060 4574 3604 4669; baseline -0.003 -21"><span class='ocrx_word' id='word_1_376' title='bbox 1060 4583 1200 4669; x_wconf 85' lang='lat' dir='ltr'><strong>„De</strong></span> <span class='ocrx_word' id='word_1_377' title='bbox 1269 4584 1526 4648; x_wconf 84' lang='lat' dir='ltr'><strong>civitate</strong></span> <span class='ocrx_word' id='word_1_378' title='bbox 1586 4580 1881 4649; x_wconf 87' lang='lat' dir='ltr'><strong>Vetralla</strong></span> <span class='ocrx_word' id='word_1_379' title='bbox 1962 4579 2348 4669; x_wconf 84' lang='lat' dir='ltr'><strong>[Vetrallum</strong></span> <span class='ocrx_word' id='word_1_380' title='bbox 2425 4579 2740 4646; x_wconf 84' lang='lat' dir='ltr'><strong>reddebat</strong></span> <span class='ocrx_word' id='word_1_381' title='bbox 2800 4581 3149 4665; x_wconf 80' lang='lat' dir='ltr'><strong>antiquitus</strong></span> <span class='ocrx_word' id='word_1_382' title='bbox 3218 4574 3604 4664; x_wconf 86' lang='lat' dir='ltr'><strong>annualiter]</strong></span> 
     </span>
     <span class='ocr_line' id='line_1_39' title="bbox 973 4681 3061 4773; baseline -0.002 -22"><span class='ocrx_word' id='word_1_383' title='bbox 973 4687 1042 4751; x_wconf 88' lang='lat' dir='ltr'>H</span> <span class='ocrx_word' id='word_1_384' title='bbox 1086 4685 1553 4771; x_wconf 76' lang='lat' dir='ltr'><strong>marabutinos,</strong></span> <span class='ocrx_word' id='word_1_385' title='bbox 1600 4683 1897 4773; x_wconf 81' lang='lat' dir='ltr'><strong>[excepto</strong></span> <span class='ocrx_word' id='word_1_386' title='bbox 1946 4684 2229 4749; x_wconf 90' lang='lat' dir='ltr'><strong>dominio</strong></span> <span class='ocrx_word' id='word_1_387' title='bbox 2272 4684 2608 4750; x_wconf 87' lang='lat' dir='ltr'><strong>Romanae</strong></span> <span class='ocrx_word' id='word_1_388' title='bbox 2655 4681 3061 4770; x_wconf 87' lang='lat' dir='ltr'><strong>ecclesiae]“.</strong></span> 
     </span>
    </p>
   </div>
   <div class='ocr_carea' id='block_1_15' title="bbox 712 4879 3608 5286">
    <p class='ocr_par' dir='ltr' id='par_1_17' title="bbox 712 4879 3608 5286">
     <span class='ocr_line' id='line_1_40' title="bbox 924 4879 3605 4971; baseline -0.001 -21"><span class='ocrx_word' id='word_1_389' title='bbox 924 4885 1357 4971; x_wconf 84' lang='lat' dir='ltr'><strong>Documenta,</strong></span> <span class='ocrx_word' id='word_1_390' title='bbox 1418 4906 1583 4970; x_wconf 89' lang='lat' dir='ltr'><strong>quae</strong></span> <span class='ocrx_word' id='word_1_391' title='bbox 1631 4884 1713 4950; x_wconf 88' lang='lat' dir='ltr'><strong>ad</strong></span> <span class='ocrx_word' id='word_1_392' title='bbox 1758 4882 2118 4949; x_wconf 87' lang='lat' dir='ltr'><strong>Vetrallam</strong></span> <span class='ocrx_word' id='word_1_393' title='bbox 2172 4889 2496 4968; x_wconf 82' lang='lat' dir='ltr'><strong>spectant,</strong></span> <span class='ocrx_word' id='word_1_394' title='bbox 2559 4882 2793 4948; x_wconf 86' lang='lat' dir='ltr'><strong>Albino</strong></span> <span class='ocrx_word' id='word_1_395' title='bbox 2853 4888 2919 4948; x_wconf 84' lang='lat' dir='ltr'><strong>et</strong></span> <span class='ocrx_word' id='word_1_396' title='bbox 2974 4881 3213 4948; x_wconf 86' lang='lat' dir='ltr'><strong>Cencio</strong></span> <span class='ocrx_word' id='word_1_397' title='bbox 3269 4879 3605 4946; x_wconf 90' lang='lat' dir='ltr'><strong>debemus.</strong></span> 
     </span>
     <span class='ocr_line' id='line_1_41' title="bbox 712 4983 3608 5071; baseline -0.003 -15"><span class='ocrx_word' id='word_1_398' title='bbox 712 4991 858 5056; x_wconf 90' lang='lat' dir='ltr'><strong>Duo</strong></span> <span class='ocrx_word' id='word_1_399' title='bbox 903 4991 1325 5056; x_wconf 81' lang='lat' dir='ltr'><strong>instrumenta</strong></span> <span class='ocrx_word' id='word_1_400' title='bbox 1356 4988 1680 5054; x_wconf 81' lang='lat' dir='ltr'><strong>Guittonis</strong></span> <span class='ocrx_word' id='word_1_401' title='bbox 1725 4989 1976 5053; x_wconf 80' lang='lat' dir='ltr'><strong>comitis</strong></span> <span class='ocrx_word' id='word_1_402' title='bbox 2019 4986 2372 5071; x_wconf 86' lang='lat' dir='ltr'><strong>Vetrallae,</strong></span> <span class='ocrx_word' id='word_1_403' title='bbox 2416 4986 2532 5051; x_wconf 91' lang='lat' dir='ltr'><strong>filii</strong></span> <span class='ocrx_word' id='word_1_404' title='bbox 2577 4987 2902 5071; x_wconf 91' lang='lat' dir='ltr'><strong>quondam</strong></span> <span class='ocrx_word' id='word_1_405' title='bbox 2949 4986 3198 5051; x_wconf 83' lang='lat' dir='ltr'><strong>comitis</strong></span> <span class='ocrx_word' id='word_1_406' title='bbox 3243 4983 3608 5066; x_wconf 76' lang='lat' dir='ltr'><strong>Offriducii‚</strong></span> 
     </span>
     <span class='ocr_line' id='line_1_42' title="bbox 714 5087 3608 5177; baseline -0.002 -18"><span class='ocrx_word' id='word_1_407' title='bbox 714 5116 771 5159; x_wconf 89' lang='lat' dir='ltr'><strong>a.</strong></span> <span class='ocrx_word' id='word_1_408' title='bbox 809 5100 975 5161; x_wconf 90' lang='grc'><strong><em>1170</em></strong></span> <span class='ocrx_word' id='word_1_409' title='bbox 1019 5101 1085 5160; x_wconf 87' lang='lat' dir='ltr'><strong>et</strong></span> <span class='ocrx_word' id='word_1_410' title='bbox 1136 5099 1298 5160; x_wconf 87' lang='grc'><strong><em>1175</em></strong></span> <span class='ocrx_word' id='word_1_411' title='bbox 1344 5093 1567 5159; x_wconf 88' lang='lat' dir='ltr'><strong>laudat</strong></span> <span class='ocrx_word' id='word_1_412' title='bbox 1610 5093 1686 5158; x_wconf 92' lang='grc' dir='ltr'><strong>Ρ.</strong></span> <span class='ocrx_word' id='word_1_413' title='bbox 1720 5087 2069 5177; x_wconf 81' lang='lat' dir='ltr'><strong>Savignoni</strong></span> <span class='ocrx_word' id='word_1_414' title='bbox 2115 5089 2339 5175; x_wconf 86' lang='lat' dir='ltr'><strong>(Arch.</strong></span> <span class='ocrx_word' id='word_1_415' title='bbox 2389 5090 2563 5156; x_wconf 90' lang='lat' dir='ltr'><strong>della</strong></span> <span class='ocrx_word' id='word_1_416' title='bbox 2609 5091 2751 5156; x_wconf 82' lang='lat' dir='ltr'><strong>Soc.</strong></span> <span class='ocrx_word' id='word_1_417' title='bbox 2798 5091 2987 5155; x_wconf 87' lang='lat' dir='ltr'><strong>Rom.</strong></span> <span class='ocrx_word' id='word_1_418' title='bbox 3019 5089 3253 5155; x_wconf 84' lang='lat' dir='ltr'>XVIII</span> <span class='ocrx_word' id='word_1_419' title='bbox 3299 5093 3380 5154; x_wconf 81' lang='lat'><strong>45</strong></span> <span class='ocrx_word' id='word_1_420' title='bbox 3426 5108 3488 5153; x_wconf 91' lang='lat' dir='ltr'><strong>n.</strong></span> <span class='ocrx_word' id='word_1_421' title='bbox 3524 5091 3608 5164; x_wconf 92' lang='grc'><strong>2;</strong></span> 
     </span>
     <span class='ocr_line' id='line_1_43' title="bbox 715 5194 2249 5286; baseline -0.005 -21"><span class='ocrx_word' id='word_1_422' title='bbox 715 5203 795 5265; x_wconf 84' lang='grc'><strong>47</strong></span> <span class='ocrx_word' id='word_1_423' title='bbox 842 5219 905 5263; x_wconf 87' lang='grc' dir='ltr'><strong>ιι.</strong></span> <span class='ocrx_word' id='word_1_424' title='bbox 937 5197 1004 5286; x_wconf 88' lang='grc'><strong>5)</strong></span> <span class='ocrx_word' id='word_1_425' title='bbox 1052 5220 1135 5264; x_wconf 84' lang='lat' dir='ltr'><strong>ex</strong></span> <span class='ocrx_word' id='word_1_426' title='bbox 1179 5197 1437 5263; x_wconf 83' lang='lat' dir='ltr'><strong>archivo</strong></span> <span class='ocrx_word' id='word_1_427' title='bbox 1483 5199 1759 5263; x_wconf 79' lang='lat' dir='ltr'><strong>civitatis</strong></span> <span class='ocrx_word' id='word_1_428' title='bbox 1803 5194 2249 5263; x_wconf 82' lang='lat' dir='ltr'><strong>Viterbiensis.</strong></span> 
     </span>
    </p>
   </div>
  </div>
 </body>
</html>
