4055 6069
674 450 756 511 56
903 414 910 421 ‘
1993 439 2233 500 Latium.

683 620 946 687 cellario
994 625 1062 684 et
1088 617 1346 685 Ubaldo
1396 620 1491 684 tit.
1539 643 1587 684 s.
1622 620 1844 687 Crucis
1888 620 2101 707 presb.
2133 622 2327 705 card.,
2380 628 2631 687 sextam
2660 622 2978 708 integram
3008 626 3260 707 partem
3290 621 3559 686 duomm

683 729 1059 809 castrorum,
1107 725 1292 789 unius
1327 723 1633 790 destructi
1678 731 1746 790 et
1786 727 1973 790 unius
2017 727 2273 812 integri,
2317 747 2463 792 cum
2504 747 2695 792 rocoa
2737 746 2853 791 sua
2895 730 3040 808 etc.,
3084 746 3221 811 pos.
3267 728 3332 791 in
3376 731 3561 794 terri-

676 829 841 894 torio
875 826 1215 894 Sabinensi
1262 829 1329 892 in
1372 827 1516 893 loco
1551 851 1612 914 q.
1646 829 1707 893 d.
1740 830 1952 894 Britti.
2027 830 2159 895 Pro
2206 853 2334 916 qua
2362 831 2592 915 recipit
2620 837 2870 896 sextam
2903 835 3152 914 partem
3184 833 3375 897 castri
3406 855 3465 918 q.
3500 853 3557 898 v.

677 932 863 997 Mons
907 954 956 996 s.
990 932 1294 998 Iohannis
1339 953 1477 1018 pos.
1523 935 1590 998 in
1632 935 1952 1000 territorio
1999 934 2418 1020 Campanino.

879 1053 1113 1108 Albinus
1158 1054 1242 1109 Ζῶ.
1287 1053 1390 1109 XI
1427 1071 1472 1109 c.
1508 1060 1586 1110 36.
1679 1054 1905 1110 Cenem
1937 1070 1978 1109 c.
2005 1062 2117 1110 107.
2172 1085 2238 1096 —
2292 1054 2439 1110 Edd.
2476 1055 2759 1111 Marcion·
2793 1056 2978 1125 Αηὲὲς.
3015 1056 3128 1110 ΠΙ
3168 1063 3273 1112 797.
3354 1056 3558 1114 Fabra-

681 1139 964 1195 Ducheem
999 1141 1035 1194 1
1063 1146 1178 1196 391.
1216 1171 1279 1181 -
1320 1141 1453 1214 Ray.
1490 1141 1599 1198 JL.
1636 1173 1717 1196 —.

671 1288 717 1350 2
2940 1291 3142 1372 (1157
3183 1290 3371 1374 april.
3403 1292 3475 1374 8)

672 1393 1006 1460 Rolandus
1053 1402 1257 1478 apost.
1304 1393 1476 1459 sedis
1523 1394 1940 1459 cancellarius
1985 1394 2081 1461 tit.
2130 1415 2177 1457 s.
2209 1393 2412 1459 Marci
2457 1392 2629 1459 card.
2677 1401 2745 1460 et
2772 1396 3063 1463 Ubaldus
3105 1396 3202 1461 tit.
3234 1418 3283 1460 s.
3317 1395 3557 1479 Crucis,

672 1503 1126 1583 procuratores
1192 1496 1570 1563 Hadriani
1637 1496 1753 1579 IV,
1821 1518 1905 1562 ex
1973 1498 2173 1582 ipsius
2239 1497 2543 1563 mandato
2611 1505 2679 1564 et
2748 1507 3125 1586 praecept0,
3193 1503 3560 1585 permutant

680 1601 1001 1667 Landulfo
1049 1599 1118 1688 (l.
1164 1600 1527 1687 Adinulfo),
1594 1601 1725 1665 filio
1782 1601 2107 1686 quondam
2158 1600 2455 1666 Pandulfi
2516 1602 2597 1667 de
2643 1603 2931 1688 Aquino,
2996 1610 3244 1670 sextam
3304 1609 3557 1689 partem

677 1707 868 1771 castri
924 1727 984 1791 q.
1040 1726 1099 1769 v,
1158 1704 1345 1770 Mons
1399 1728 1448 1768 s.
1493 1704 1817 1770 Iohannis.
1922 1703 2054 1770 Pro
2110 1727 2239 1789 qua
2299 1706 2614 1791 recipiunt
2668 1715 2921 1774 sextam
2973 1714 3225 1793 partem
3288 1705 3556 1771 duorum

682 1819 1035 1878 castrorum
1082 1834 1143 1897 q.
1189 1832 1248 1875 v.
1296 1811 1506 1876 Britti.

881 1932 1114 1987 Albinus
1147 1931 1232 1986 Ζῶ.
1261 1931 1365 1986 XI
1388 1947 1433 1987 c.
1466 1936 1544 1986 37.
1620 1930 1843 1987 Oeneius
1877 1947 1920 1986 c.
1946 1938 2058 1987 108.
2106 1962 2164 1971 -
2209 1931 2321 1987 Ed.
2345 1931 2824 1987 Fabre-Duckesne
2858 1933 2899 1986 Ι
2925 1937 3038 1987 392.
3071 1961 3139 1971 —
3174 1931 3309 2001 Ray.
3334 1930 3440 1986 JL.
3474 1920 3555 1984 —'.

675 2112 719 2173 3
2935 2106 3139 2190 (1157
3179 2104 3368 2187 april.
3400 2108 3470 2187 8)

675 2210 1029 2278 Rainaldus
1075 2211 1156 2277 de
1201 2212 1460 2296 Aquino
1481 2260 1498 2295 ,
1555 2217 1896 2296 praesente
1942 2209 2200 2295 Filippo
2255 2210 2588 2275 sacellario
2639 2216 2843 2295 apost.
2890 2209 3060 2276 sedis
3104 2208 3343 2295 iudice,
3409 2228 3556 2294 per-

674 2320 882 2379 mutat
923 2313 1333 2380 Hadriano
1380 2313 1497 2399 IV,
1552 2314 2015 2380 interveniente
2071 2335 2186 2398 pro
2247 2335 2324 2379 eo
2383 2314 2698 2379 curatorio
2744 2316 3000 2379 nomine
3045 2312 3300 2379 Ubaldo
3343 2313 3557 2400 presb.

679 2417 848 2483 card.
896 2419 993 2483 tit.
1041 2441 1089 2482 s.
1123 2418 1374 2504 Crucis,
1427 2419 1845 2485 medietatem
1892 2417 2163 2484 duorum
2209 2424 2560 2483 castrorum
2614 2420 2681 2482 in
2723 2419 2865 2483 loco
2912 2441 2973 2503 q.
3020 2417 3081 2482 d.
3127 2417 3338 2483 Britti.
3425 2417 3555 2481 Pro

688 2543 815 2607 qua
858 2524 1088 2608 recipit
1130 2522 1548 2591 medietatem
1591 2523 1907 2608 integram
1955 2524 2148 2588 castri
2192 2544 2252 2608 q.
2299 2543 2358 2586 v.
2404 2522 2589 2587 Mons
2635 2545 2683 2585 s.
2716 2520 3038 2586 Iohannis.

883 2641 1115 2697 Albinus
1151 2641 1239 2696 lib.
1266 2641 1365 2696 XI
1393 2657 1439 2698 c.
1463 2648 1548 2697 39.
1625 2642 1847 2697 Oeneius
1881 2658 1926 2697 c.
1951 2651 2060 2697 110.
2094 2672 2158 2682 —
2194 2640 2304 2697 Ed.
2333 2639 2818 2697 Fabre-Duchaene
2841 2640 2883 2694 Ῑ
2907 2646 3023 2696 393.
3065 2671 3134 2681 -
3179 2641 3310 2711 Ray.
3340 2640 3448 2696 JL.
3474 2671 3538 2680 —

677 2822 719 2881 4
2948 2815 3151 2899 (1157
3188 2813 3375 2896 april.
3399 2816 3472 2899 8)

673 2919 968 2987 Ubaldus
1022 2918 1193 2985 card.
1250 2922 1346 2985 tit.
1407 2943 1456 2983 s.
1498 2920 1747 3004 Crucis,
1815 2925 2192 3005 procurator
2242 2918 2640 2986 Hadriani
2682 2919 2802 3005 IV,
2858 2941 2942 2985 ex
3007 2920 3203 3005 ipsius
3255 2918 3558 2985 mandato

677 3031 745 3091 et
785 3031 1158 3110 praecepto,
1204 3025 1270 3088 in
1313 3026 1678 3110 praesentia
1721 3023 1963 3110 Filippi
2007 3047 2057 3087 s.
2105 3022 2277 3089 sedis
2323 3028 2529 3110 apost.
2576 3023 2895 3090 sacellarii
2937 3021 3192 3107 iudicis,
3238 3028 3562 3109 permutat

681 3129 1004 3195 Rainaldo'
1056 3128 1137 3196 de
1192 3130 1449 3214 Aquino
1495 3129 1914 3195 medietatem
1971 3130 2166 3194 totius
2220 3131 2411 3193 castri
2469 3151 2531 3214 q.
2577 3149 2635 3193 v.
2681 3129 2868 3194 Mons
2924 3151 2974 3191 s.
3019 3127 3341 3192 Iohannis.
3430 3128 3558 3192 Pro

679 3255 807 3320 qua
852 3235 1083 3319 recipit
1124 3234 1544 3301 medietatem
1590 3234 1861 3299 duorum
1907 3240 2261 3299 castrorum
2308 3255 2368 3318 q.
2415 3254 2472 3298 V.
2506 3234 2716 3298 Britti.

762 3370 773 3382 ·
883 3354 1117 3409 Albim
1152 3354 1237 3409 Ζῶ.
1278 3354 1376 3408 XI
1402 3370 1444 3408 c.
1485 3359 1567 3409 38.
1643 3352 1867 3408 Oeneius
1899 3368 1943 3407 c.
1978 3360 2073 3409 109
2106 3357 2155 3407 d
2188 3367 2230 3407 c.
2255 3358 2365 3408 346.
2426 3384 2489 3392 —
2552 3353 2666 3409 Ed.
2705 3350 3191 3408 fabre-Dudum
3228 3351 3269 3405 Ι
3293 3356 3409 3406 392.
3445 3357 3562 3408 687.

677 3471 743 3481 -
781 3440 908 3511 περ.
945 3440 1061 3498 JL.
1096 3471 1180 3496 —.

676 3596 716 3662 5
2934 3595 3137 3677 (1157
3178 3597 3370 3679 april.
3403 3601 3475 3682 8)

682 3699 1039 3767 Landulfus
1085 3706 1152 3765 et
1193 3700 1441 3786 Laudo,
1487 3702 1777 3786 germani
1824 3700 2076 3785 fratres,
2122 3700 2236 3766 filii
2283 3701 2606 3787 quondam
2635 3698 2932 3767 Pandulfi
2980 3699 3060 3766 de
3091 3699 3370 3787 Aquino,
3415 3723 3559 3787 per-

683 3811 933 3871 mutant
998 3803 1411 3870 Hadriano
1478 3805 1594 3889 IV,
1662 3806 2127 3870 interveniente
2191 3807 2632 3890 procuratorio
2702 3804 2958 3869 nomine
3024 3802 3279 3870 Ubaldo
3346 3804 3559 3891 presb.

681 3910 854 3975 card.
903 3911 996 3975 tit.
1045 3931 1092 3973 s.
1127 3909 1380 3992 Crucis,
1447 3907 1606 3974 duas
1662 3914 1882 3994 partes
1934 3909 2303 3975 medietatis
2356 3908 2626 3975 duorum
2684 3916 3034 3974 castrorum
3088 3910 3154 3972 in
3197 3910 3339 3974 loco
3387 3932 3447 3996 q.
3498 3909 3557 3974 d.

677 4014 889 4079 Britti.
1007 4014 1137 4078 Pro
1219 4012 1447 4099 quibus
1529 4014 1843 4099 recipiunt
1910 4013 2069 4079 duas
2142 4019 2360 4099 partes
2424 4013 2792 4080 medietatis
2859 4014 3046 4077 castri
3117 4034 3176 4097 q.
3247 4034 3303 4076 ν.
3374 4013 3558 4078 Mons

679 4140 729 4182 s.
760 4117 1084 4183 Iohannis.

886 4227 1114 4282 Albinus
1148 4227 1233 4281 ιῶ.
1270 4227 1368 4282 xl
1395 4244 1438 4283 c.
1463 4236 1546 4284 ιο.
1625 4228 1853 4284 concam
1886 4210 2158 4284 c.111.‘—
2198 4229 2301 4283 Εα.
2328 4227 2825 4285 Fam-Dumana
2858 4226 2900 4280 I
2927 4232 3041 4282 394.
3082 4257 3148 4266 -
3190 4225 3315 4296 Req.
3341 4226 3447 4281 JL.
3477 4255 3558 4280 -.

1019 4375 1021 4378 ,
1057 4320 1267 4378 Ubaldi
1304 4322 1452 4377 card.
1490 4323 1687 4379 charta
1723 4322 2086 4379 desideratur.

681 4447 722 4507 6
3251 4444 3476 4527 (1157)

678 4547 843 4633 Ingo
898 4545 1092 4630 diac.,
1152 4545 1212 4611 d.
1269 4567 1479 4632 papae
1525 4547 1925 4634 capellanus,
1978 4549 2146 4613 iurat
2188 4547 2584 4614 Hadriano
2630 4547 2728 4612 IV
2782 4548 3046 4632 eiusque
3094 4547 3563 4613 successoribus

680 4651 1090 4735 fidelitatem,
1135 4672 1252 4735 pro
1308 4671 1385 4716 eo
1432 4649 1604 4735 quod
1650 4658 1928 4716 castrum
1982 4651 2064 4716 de
2118 4652 2339 4716 Brittis
2386 4650 2731 4717 tenendum
2779 4656 2846 4716 et
2907 4650 3392 4717 custodiendum
3438 4652 3562 4735 ipsi

680 4753 1016 4820 commisit.

887 4863 1120 4918 Albinus
1153 4863 1237 4919 Ζῶ.
1268 4863 1364 4918 XI
1394 4881 1439 4920 c.
1460 4871 1544 4920 24.
1581 4894 1646 4906 —
1684 4865 1796 4920 Ed.
1834 4865 2321 4921 Fabre-Duchesnc
2356 4865 2433 4919 ΙΙ
2456 4872 2570 4919 127.
2607 4895 2673 4904 -
2709 4864 2839 4934 Req.
2874 4861 2980 4918 JL.
3020 4891 3100 4915 —-.

1057 4958 1222 5030 Apud
1266 4956 1533 5014 Albinum
1581 4959 1682 5016 lib.
1730 4960 1807 5014 XI
1853 4977 1899 5015 c.
1938 4963 2003 5016 41
2052 4963 2239 5016 exstat
2285 4958 2441 5015 aliud
2475 4960 2868 5015 documentum
2905 4978 2955 5015 a.
2999 4960 3132 5016 1156
3168 4964 3276 5017 oct.
3312 4961 3405 5027 21,
3452 4981 3563 5032 quo

886 5044 1206 5102 Leonardus
1250 5045 1701 5117 archipresby-ter
1744 5065 1787 5101 s.
1818 5045 2035 5103 Mariae
2080 5046 2249 5103 castri
2286 5046 2592 5102 Brittorum
2637 5050 2696 5103 et
2745 5046 2941 5101 Bretus
2977 5046 3281 5103 vicecomes
3316 5046 3561 5103 eiusdem

884 5131 1078 5200 castri,
1116 5136 1503 5203 procuratores
1540 5131 1848 5203 Raynaldi‚
1897 5132 2150 5188 Landulfi
2195 5136 2367 5203 atque
2404 5131 2683 5188 Landonis
2726 5131 2846 5188 eius
2894 5135 3166 5203 nepotum
3221 5133 3281 5189 et
3317 5132 3560 5189 Adinulfi

883 5217 1076 5277 fratris
1111 5236 1314 5289 eorum,
1352 5219 1610 5295 obligant
1646 5217 2016 5278 tenimentum
2052 5218 2120 5275 de
2157 5217 2509 5276 Brittonibus
2545 5219 2652 5288 (ed.
2688 5218 3182 5292 Fahre-Duchesne
3221 5220 3274 5274 H
3312 5219 3449 5288 133).
