4055 6069
1585 474 1708 531 Poli
1745 505 1811 515 -
1846 473 2198 531 Monoeeolio.
2389 557 2395 561 .
3248 481 3322 545 81

2782 649 2954 714 1157
3008 650 3023 665 “
3113 702 3127 717 .

442 655 636 822 qgddo
684 779 745 843 q.
778 778 835 822 V.
883 757 964 822 de
1009 756 1157 822 Poli
1202 756 1397 822 tradit
1447 756 1850 821 Hadriano
1895 755 1995 821 IV
2052 757 2317 842 eiusque
2376 752 2845 820 successoribus
2898 672 3111 821 toggl
3147 652 3330 822 ³5111179.m

447 867 717 947 terram,
775 860 1079 926 videlicet
1120 860 1269 926 Poli
1314 867 1382 926 et
1422 860 1818 926 Fustuanum
1873 867 1940 925 et
1982 860 2354 925 Anticulum
2400 865 2466 925 et
2510 880 2763 925 roccam
2810 882 2871 946 q.
2918 879 2976 923 v.
3026 860 3108 925 de
3152 858 3331 925 Nibli

445 969 512 1028 et
552 969 840 1029 montem
886 985 947 1049 q.
996 963 1057 1027 d.
1103 962 1339 1027 Manno
1387 969 1453 1028 et
1497 962 1930 1028 Gadabiolum
1975 970 2044 1027 et
2088 962 2602 1029 sarracinescum
2647 969 2714 1028 et
2742 983 2999 1029 roccam
3046 986 3107 1049 q.
3141 985 3199 1028 v.
3248 964 3331 1028 de

444 1067 612 1132 Muri
657 1072 724 1131 et
767 1065 1121 1132 Castellum
1165 1088 1418 1132 novum.
1466 1107 1548 1115 —-
1594 1066 1736 1153 Ego
1782 1067 2091 1131 Astaldus
2136 1066 2201 1132 S.
2233 1065 2311 1131 R.
2344 1067 2420 1132 E.
2467 1069 2651 1132 scrin.
2700 1067 3040 1152 complevi.

649 1177 884 1232 Albinus
917 1178 1006 1233 lib.
1035 1177 1138 1231 XI
1163 1194 1208 1232 c.
1232 1183 1316 1233 30.
1381 1175 1608 1231 Oeneius
1640 1192 1683 1231 c.
1703 1183 1814 1231 101.
1853 1207 1917 1217 -
1955 1175 2101 1231 Edd.
2140 1176 2418 1231 Marmora·
2451 1177 2633 1246 Antiq.
2671 1177 2715 1231 Ι
2737 1183 2853 1232 676.
2930 1176 3161 1233 ΤΙιείηοτ
3200 1177 3330 1234 Ood.

444 1261 572 1331 dipl.
610 1261 745 1319 dom.
781 1269 932 1332 temp.
969 1263 1012 1317 I
1040 1271 1103 1318 17
1131 1281 1188 1318 n.
1213 1270 1295 1319 22.
1371 1262 1596 1319 Cast-ioli
1622 1279 1679 1330 p.
1702 1268 1806 1318 300
1839 1280 1894 1316 π.
1919 1269 1967 1317 6.
2040 1261 2527 1317 Fabre-Duchesne
2563 1262 2606 1316 I
2630 1269 2745 1320 387.
2785 1294 2846 1303 -
2885 1262 3017 1333 Ray.
3055 1263 3163 1319 «ΠΣ,
3201 1296 3283 1319 -.

445 1439 486 1499 4
1081 1436 1090 1453 ⁸
2779 1437 2950 1501 1157
2990 1437 3125 1503 ian.
3161 1442 3246 1501 17

445 1539 780 1607 Rolandus
843 1541 1055 1626 presb.
1125 1541 1297 1606 card.
1358 1543 1449 1606 tit.
1503 1565 1552 1605 s.
1598 1540 1829 1624 Marci,
1897 1541 1957 1606 d.
2022 1562 2233 1625 papae
2288 1540 2742 1625 cancellarius,
2798 1546 2864 1606 et
2923 1541 3096 1606 Boso
3166 1541 3329 1607 diac.

447 1645 620 1710 card.
667 1668 749 1709 ss.
785 1643 1058 1711 Cosmae
1106 1652 1172 1710 et
1214 1645 1543 1729 Damiani,
1592 1645 1653 1710 d.
1699 1666 1909 1731 papae
1957 1646 2364 1728 camerarius,
2413 1666 2495 1709 ex
2538 1645 2843 1709 mandato
2891 1650 2958 1710 et
3001 1645 3330 1710 voluntate

446 1749 839 1815 Hadriani
882 1749 981 1814 IV
1034 1752 1379 1815 investiant
1424 1749 1764 1815 Oddonem
1819 1749 1902 1813 de
1948 1748 2093 1813 Poli
2139 1751 2403 1835 eiusque
2449 1749 2724 1814 heredes
2768 1749 3094 1835 legitimos
3140 1751 3330 1836 eique

449 1855 511 1917 in
556 1852 820 1918 feudum
867 1853 1022 1919 dant
1065 1854 1211 1918 Poli
1256 1862 1323 1919 et
1364 1853 1807 1919 Fustinianum
1853 1860 1919 1918 et
1949 1853 2320 1918 Anticulum
2366 1861 2433 1918 et
2475 1874 2732 1918 roccam
2779 1876 2840 1939 q.
2887 1875 2945 1918 v.
2993 1853 3075 1918 de
3119 1853 3330 1919 Niblis

445 1962 504 2021 et
546 1942 751 2022 cetera
792 1963 868 2023 ut
909 1979 1110 2040 supra
1152 1979 1216 2022 n.
1243 1961 1304 2022 3.
1349 1995 1436 2004 —
1479 1958 1621 2044 Ego
1665 1958 1974 2023 Astaldus
2020 1958 2082 2025 S.
2117 1957 2195 2023 R.
2228 1957 2303 2023 E.
2351 1959 2534 2023 scrin.
2583 1959 2920 2043 complevi.

653 2068 884 2123 Albinus
919 2068 1007 2124 zib.
1036 2068 1139 2122 XI
1165 2084 1209 2124 c.
1232 2074 1310 2124 31.
1383 2067 1613 2124 Oeneius
1646 2085 1688 2123 c.
1717 2077 1826 2124 102.
1863 2101 1929 2109 —-
1973 2068 2120 2125 Edd.
2158 2068 2387 2124 Cascioli
2413 2086 2473 2138 p.
2496 2075 2596 2124 301
2631 2087 2687 2124 n.
2718 2077 2759 2125 7.
2832 2069 3335 2125 Faba-Dudum

449 2157 489 2211 Ι
516 2163 637 2213 388.
673 2188 742 2198 —-
779 2157 908 2227 Ray.
944 2157 1052 2212 «ΗΞ.
1085 2188 1170 2213 -.

825 2254 895 2308 cf.
933 2253 1105 2310 etiam
1128 2252 1322 2309 Vitam
1357 2252 1629 2308 Hadriani
1653 2252 1731 2307 IV
1767 2256 1996 2308 auctore
2033 2251 2246 2307 Bosone
2283 2251 2428 2322 (Lib.
2453 2251 2655 2322 pontif.
2683 2253 2767 2308 ed.
2794 2251 3087 2308 Duchesne
3115 2251 3167 2306 11
3192 2250 3332 2320 396).

1003 2566 1513 2634 nonasterium
1562 2583 1620 2633 s.
1650 2566 1917 2634 Mariae
1964 2564 2050 2632 de
2096 2566 2332 2634 Monte
2377 2566 2776 2637 Dominico.

663 2725 883 2789 Prima
927 2724 1112 2788 huius
1156 2725 1526 2788 monasterii
1572 2725 1799 2788 notitia
1853 2724 2129 2788 occurrit
2171 2725 2236 2787 in
2283 2723 2477 2808 bulla,
2538 2745 2705 2810 quae
2752 2726 3056 2809 sequitur.
3103 2762 3188 2772 —
3233 2725 3331 2790 Ea

450 2850 645 2913 quum
676 2831 739 2893 in
768 2834 1026 2913 regesto
1058 2826 1392 2892 Tiburtino
1424 2828 1730 2911 inscripta
1761 2829 1861 2911 sit,
1908 2827 1992 2892 ad
2024 2826 2533 2893 concludendum
2563 2829 2826 2912 inducit,
2872 2830 3329 2896 monasterium

447 2935 654 3017 ipsum
709 2952 880 2996 saec.
917 2930 1054 2995 XII
1111 2933 1508 3016 episcopatui
1563 2930 1895 2996 Tiburtino
1950 2930 2277 2996 addictum
2339 2932 2555 2996 fuisse.
2669 2932 2909 2998 Postea
2962 2953 3113 2997 vero
3169 2935 3335 2998 inter

446 3038 882 3122 possessiones
927 3038 1299 3101 monasterii
1330 3059 1379 3100 s.
1412 3036 1601 3100 Pauli
1647 3036 1728 3101 de
1756 3034 1934 3101 Urbe
1975 3038 2331 3101 invenimus
2375 3039 2440 3101 in
2468 3038 2806 3123 privilegio
2837 3037 3197 3102 Innocentii
3227 3036 3333 3101 111

451 3163 509 3205 a.
549 3143 711 3207 1203
757 3143 885 3205 iun.
925 3143 1000 3205 13
1047 3140 1349 3205 Potthast
1392 3139 1557 3225 Reg.
1611 3144 1794 3206 1935.

663 3243 850 3308 Circa
879 3244 1092 3307 locum
1124 3244 1422 3328 denique,
1468 3245 1532 3307 in
1565 3264 1691 3328 quo
1725 3245 2063 3327 exstiterit,
2096 3243 2460 3309 Sebastiani
2490 3267 2552 3329 p.
2586 3248 2710 3310 413
2745 3245 3024 3310 affirmat
3055 3245 3329 3311 eundem

448 3347 644 3411 fuisse
689 3367 765 3411 ac
808 3349 1041 3438 nostris
1086 3346 1311 3412 diebus
1340 3349 1516 3411 vicus
1546 3348 1739 3432 vulgo
1770 3347 2147 3412 Marcellina
2190 3369 2393 3433 prope
2440 3346 2641 3412 Tibur
2686 3346 2797 3434 (de
2844 3369 2970 3434 quo
3003 3349 3083 3414 cf.
3116 3347 3330 3433 Nibby

447 3454 698 3519 Analisi
746 3454 773 3494 ²
801 3454 873 3519 Π
918 3457 1042 3520 292
1068 3455 1214 3541 sq.).

654 3574 736 3630 De
772 3573 929 3630 codd.
969 3592 1018 3630 v,
1053 3574 1427 3645 Episcopatus
1464 3574 1810 3630 Tiburtinus.

450 3699 489 3758 1
2841 3694 3247 3779 (1153—54)

452 3800 905 3865 Anastasius
949 3800 1047 3865 I'V
1091 3800 1286 3865 Petro
1319 3800 1538 3865 abbati
1570 3809 1718 3866 etc.:
1767 3802 2224 3866 monasterium
2264 3822 2313 3864 s.
2351 3800 2595 3865 Mariae
2628 3799 2709 3864 de
2741 3798 2961 3865 Monte
2992 3799 3330 3864 Dominico

450 3902 566 3966 sub
633 3909 838 3987 apost.
907 3905 1306 3988 protectione
1375 3905 1670 3988 suscipit,
1747 3903 2082 3968 confirmat
2147 3905 2584 3988 possessiones
2650 3904 2925 3988 propriis
2993 3923 3332 3988 expressas

449 4007 807 4091 vocabulis,
862 4007 1158 4074 concedit
1201 4009 1594 4093 sepulturam
1639 4006 1931 4092 liberam,
1979 4015 2047 4073 et
2092 4007 2410 4091 decernit,
2466 4013 2537 4071 ut
2582 4005 2665 4072 ab
2714 4005 3007 4072 omnibus
3052 4007 3328 4072 servitiis

450 4112 723 4176 filiorum
771 4111 1068 4198 Gregorii
1116 4111 1196 4176 de
1242 4111 1659 4197 Marcellinis,
1714 4112 1990 4176 filiorum
2047 4110 2336 4175 Oddonis
2390 4110 2471 4176 de
2516 4110 2952 4176 Palommaria
3010 4118 3076 4174 et
3120 4110 3325 4174 domi-

450 4236 674 4280 norum
721 4215 801 4280 de
846 4214 1233 4280 Monticellis
1278 4223 1656 4300 permaneat
1697 4218 1999 4280 immune.
2048 4252 2132 4262 —
2179 4214 2492 4288 Quotiens
2537 4213 2714 4278 illud.

662 4326 709 4380 0
740 4326 781 4393 f.
814 4334 898 4381 49.
960 4326 1069 4394 [1)ι
1114 4326 1294 4391 fi124¹
1338 4332 1386 4380 et
1433 4327 1514 4380 D¹
1561 4327 1604 4392 f.
1640 4331 1755 4381 412⁴
1802 4326 1937 4381 Eme.
1993 4326 2095 4396 EJ.
2149 4356 2215 4366 -
2267 4324 2373 4378 Ed.
2423 4326 2633 4378 Bruzza
2680 4324 2809 4394 Περ.
2863 4324 2923 4377 di
2974 4325 3141 4378 Tivoli
3180 4342 3237 4392 p.
3278 4331 3335 4379 76

451 4430 503 4466 π.
535 4421 596 4468 17
626 4428 694 4467 eoe
733 4411 785 4467 Ο.
841 4441 910 4452 -
947 4412 1076 4484 Req.
1101 4412 1215 4467 JL.
1258 4443 1339 4469 —.

1669 4637 2118 4706 montecello.

1678 4758 2105 4828 monticellum)

657 4900 718 4957 F.
744 4898 1077 4957 Casimiro
1114 4896 1379 4954 Memor-ie
1422 4897 1689 4954 istoriche
1725 4898 1871 4953 delle
1922 4897 2108 4953 chiese
2153 4915 2186 4952 e
2221 4897 2313 4953 dei
2348 4895 2608 4952 conventi
2642 4895 2734 4952 dei
2769 4893 2905 4950 frati
2940 4892 3143 4948 Minori
3179 4892 3332 4948 della

453 4986 742 5057 provincia
776 4986 1028 5042 Romana
1070 4988 1085 5018 ¹
1111 5002 1165 5055 p.
1195 4985 1293 5040 165
1315 5003 1421 5054 sq.;
1461 4989 1483 5018 ²
1506 5003 1561 5055 p.
1587 4985 1689 5040 236
1708 5003 1789 5053 sq.
1827 5014 1894 5024 —
1928 4984 2239 5039 Marocco
2276 4982 2624 5038 Monumenti
2660 4981 2739 5036 XI
2775 4981 2844 5036 60
2868 4997 2950 5049 sq.
2997 5010 3062 5020 —-
3098 4977 3330 5047 Nibby

453 5072 667 5128 Analisi
704 5076 726 5107 ¹
752 5073 803 5127 II
828 5074 932 5129 366
954 5090 1036 5141 sq.
1066 5102 1128 5111 -
1152 5071 1413 5126 Mox-oni
1449 5070 1769 5126 Dizionario
1795 5070 1998 5125 LXXV
2022 5071 2126 5126 276
2146 5089 2228 5139 sq.
2262 5100 2323 5109 —
2352 5069 2414 5124 F.
2440 5068 2597 5124 Gori
2632 5068 2692 5123 in
2720 5066 2884 5122 Arch.
2910 5069 3047 5121 stor.
3071 5063 3328 5120 artistico

453 5160 690 5216 archeol.
744 5177 774 5216 e
835 5160 1019 5215 letter.
1073 5157 1131 5214 di
1177 5157 1354 5213 Roma
1405 5158 1484 5212 111
1529 5158 1632 5213 325
1649 5177 1729 5227 sq.
1781 5187 1844 5196 —
1900 5157 1984 5212 Fr.
2006 5156 2317 5212 Cerasoli
2372 5155 2639 5211 Rieerche
2691 5153 2936 5210 storiche
2990 5152 3213 5206 intorno
3266 5150 3323 5204 al

454 5263 682 5301 comune
725 5245 783 5301 di
821 5244 1156 5301 Montecelio
1201 5244 1300 5315 gia
1333 5243 1646 5299 Monticelli
1683 5262 1870 5314 presso
1907 5243 2096 5300 'rivoli
2133 5243 2331 5312 (Roma
2369 5243 2540 5310 1890).

553 5347 722 5402 Kehr,
749 5347 882 5393 Italia
904 5347 1134 5403 pontificia
1158 5348 1215 5391 11.
2980 5342 3015 5396 6
