4055 6069
712 448 832 510 170
2010 445 2251 503 Latium.

704 618 740 656 *
749 620 831 681 12
3096 621 3498 703 (1185—87)

703 721 856 786 Urb
870 743 907 786 a
924 743 1017 786 nu
1038 744 1067 783 s
1114 722 1215 785 III
1259 722 1553 789 concedit
1598 725 2003 810 privilegium
2049 725 2483 810 protectioniS.

912 823 1095 879 Laud.
1131 830 1195 878 ut
1227 843 1283 880 η.
1310 834 1381 880 11.
1420 857 1487 866 -
1524 827 1650 896 Req.
1691 826 1798 881 11..
1835 859 1917 882 -.

704 894 829 958 *13
3267 903 3497 983 (1188)

708 996 840 1063 Cle
860 1021 921 1064 111
936 1021 972 1065 0
989 1021 1073 1063 118
1116 999 1221 1064 ΠΙ
1265 1000 1562 1065 concedit
1603 1001 2010 1087 privilegium
2054 1002 2487 1084 protectionis,

915 1100 1093 1157 Laud.
1118 1103 1181 1156 in
1204 1120 1258 1155 η.
1289 1110 1351 1157 14
1387 1109 1437 1158 et
1460 1103 1521 1156 in
1545 1102 1764 1158 Nicolai
1789 1104 1821 1156 1
1835 1103 1885 1156 V
1906 1103 2055 1157 bulla
2076 1121 2128 1157 α.
2155 1110 2284 1158 1290
2304 1102 2411 1159 dec.
2443 1112 2474 1157 5
2502 1103 2745 1158 Pottlaast
2772 1105 2898 1175 Req.
2924 1111 3105 1161 23485.
3134 1136 3196 1145 -
3220 1105 3349 1176 Ray.
3369 1104 3475 1160 JL.
3496 1135 3580 1159 —-.

704 1243 787 1304 14
1814 1304 1819 1307 ,
2649 1243 2971 1311 Laterano
3017 1249 3186 1311 1188
3231 1247 3379 1311 mai.
3413 1248 3491 1307 11
3616 1240 3627 1250 ’

703 1345 1069 1412 Clemens
1113 1347 1218 1411 III
1264 1347 1482 1413 abbati
1514 1354 1582 1413 et
1611 1350 1978 1415 conventui:
2027 1349 2241 1414 reddit
2270 1349 2575 1415 ecclesias
2620 1357 2688 1415 et
2730 1350 2890 1415 alias
2920 1351 3374 1436 possessionen,
3421 1370 3581 1434 quas

702 1448 945 1513 habent
985 1451 1049 1514 in
1080 1453 1400 1517 territorio
1441 1452 1668 1536 Castri,
1715 1452 1831 1517 sed
1876 1453 2237 1518 schismatis
2282 1459 2572 1537 tempore
2619 1454 3053 1538 perdiderunt,
3100 1454 3371 1539 integre,
3417 1454 3581 1516 sicut

703 1555 1062 1619 continetur
1103 1555 1167 1618 in
1213 1556 1563 1641 privilegiis
1606 1557 1931 1621 Anastasii
1976 1558 2069 1639 (n.
2104 1560 2194 1642 7),
2241 1556 2557 1621 Hadriani
2601 1564 2696 1637 (n.
2727 1561 2825 1642 8),
2869 1557 3228 1622 Alexandri
3272 1564 3364 1639 (n.
3399 1557 3468 1633 9)
3514 1561 3580 1620 et

702 1678 816 1721 suo
863 1660 956 1739 (n.
990 1661 1122 1735 13).
1173 1697 1252 1706 —
1299 1659 1460 1725 Cum
1505 1661 1641 1723 sitis
1685 1660 1821 1725 sub.
1896 1661 2046 1727 Dat.
2093 1661 2236 1726 Lat.
2285 1666 2323 1725 5
2355 1660 2442 1724 id.
2489 1661 2642 1725 maii
2687 1668 2860 1745 pont.
2895 1683 2956 1725 n.
2990 1683 3046 1725 a.
3088 1666 3144 1726 1.

909 1759 1100 1814 Insa-t.
1136 1760 1309 1815 bullae
1343 1760 1579 1817 Honor-ii
1614 1762 1720 1817 ΙΙΙ
1746 1769 1955 1818 a.1224
1988 1779 2106 1817 nov.
2135 1771 2193 1818 19
2228 1762 2379 1832 [Cp.
2405 1770 2468 1818 26
2494 1765 2587 1834 =J
2616 1762 2698 1819 0¹.
2753 1794 2818 1803 —-
2865 1762 2974 1817 Ed.
3033 1762 3172 1818 (ἔδει.
3212 1761 3413 1838 Naphr.
3456 1766 3580 1815 1903

695 1863 754 1915 p.
781 1852 880 1902 581
911 1864 968 1903 n.
994 1853 1059 1902 23
1091 1863 1158 1901 cx
1194 1847 1276 1903 0¹.
1314 1879 1379 1888 —
1418 1849 1548 1919 Rcy.
1583 1849 1690 1905 JL.
1727 1882 1812 1904 —.

2012 2042 2271 2109 Bauco.

1966 2155 1985 2217 (
1995 2153 2314 2223 Babucum)
2365 2216 2370 2227 ι

909 2270 972 2327 G.
1000 2271 1137 2343 Cap
1158 2291 1190 2329 0
1200 2291 1333 2345 gna
1367 2274 1504 2330 Vita
1539 2273 1598 2328 di
1634 2272 1687 2329 S.
1713 2274 1901 2330 Pietro
1929 2274 2149 2345 Ispano,
2187 2277 2499 2345 protettore
2523 2273 2676 2329 della
2698 2276 2848 2329 terra
2884 2273 2942 2328 di
2968 2274 3154 2327 Bauco
3178 2271 3377 2337 (Roma
3406 2269 3575 2333 1710).

700 2384 767 2396 ·-
803 2356 1121 2414 Μο10000
1162 2359 1503 2416 Monumenti
1540 2360 1620 2414 IV
1658 2361 1758 2416 149
1780 2378 1862 2430 sq.
1900 2393 1965 2401 —
2001 2360 2267 2416 Moroni
2302 2359 2621 2416 Dizionario
2659 2360 2872 2415 XXVII
2908 2360 3026 2415 286.
3075 2388 3138 2399 —
3176 2358 3241 2413 G.
3266 2355 3576 2412 Liber-ati

698 2442 749 2497 S.
774 2443 962 2500 Pietro
996 2445 1201 2515 Ispano
1238 2446 1306 2501 ed
1343 2446 1384 2501 il
1420 2464 1650 2503 comune
1689 2447 1747 2503 di
1782 2447 1971 2503 Bauco
2009 2445 2197 2515 (Siena
2225 2446 2396 2513 1883).
2424 2477 2486 2486 —
2517 2447 2591 2501 M.
2620 2446 3000 2519 Arcangeli
3036 2443 3300 2500 Memorio
3334 2441 3578 2499 1110110110

698 2528 758 2583 di
795 2530 981 2588 Bauco
1019 2532 1342 2600 (Fr-cainone
1379 2532 1550 2601 1891).

913 2671 1245 2737 Babucum
1292 2679 1569 2739 castrum
1628 2676 1901 2740 occurrit
1955 2677 2019 2738 in
2075 2676 2428 2761 privilegiis
2484 2696 2600 2761 pro
2656 2675 2926 2740 ecclesia
2971 2673 3298 2738 Verulana
3342 2671 3491 2736 inde
3539 2692 3578 2735 a

698 2774 1015 2860 Gregorio
1047 2775 1179 2840 VII
1210 2784 1276 2842 et
1302 2779 1541 2862 passim
1571 2780 1636 2842 in
1666 2779 1833 2843 Ann.
1867 2778 2138 2844 Ceccan.
2172 2782 2305 2844 sive
2339 2778 2572 2844 0111011.
2602 2779 2847 2844 Fossae
2886 2798 3112 2861 novae,
3152 2775 3262 2840 ubi
3306 2774 3577 2861 legimus

697 2884 975 2943 castrum
1029 2882 1236 2966 ipsum
1295 2904 1350 2946 a.
1403 2888 1563 2947 1155
1622 2884 1748 2947 iun.
1800 2887 1835 2949 3
1883 2905 1922 2949 a
1978 2884 2365 2949 Normannis
2420 2888 2892 2949 concrematum
2955 2881 3062 2966 (cf.
3122 2883 3317 2946 etiam
3356 2878 3575 2943 Vitam

698 2979 1015 3048 Hadriani
1057 2982 1156 3049 IV
1200 2992 1462 3051 auctore
1507 2985 1764 3051 Bosone
1810 2988 1875 3051 in
1917 2986 2060 3052 Lib.
2107 2986 2333 3072 pontif.
2382 2986 2482 3053 ed.
2530 2985 2872 3051 Duchesne
2918 2984 2986 3049 ΙΙ
3034 2984 3187 3071 390)
3234 2991 3301 3051 01
3342 2984 3576 3050 iterum

697 3107 755 3150 a.
793 3089 957 3151 1194
1002 3087 1085 3152 ab
1133 3087 1441 3154 Heinrico
1471 3089 1568 3154 VI
1612 3092 1765 3175 imp.
1814 3092 2242 3176 exspoliatum
2274 3090 2470 3156 fuisse
2501 3090 2842 3174 (Muratori
2871 3089 3005 3154 Ser.
3038 3089 3172 3153 VH
3203 3091 3356 3164 8803
3402 3089 3573 3154 Mon.

700 3190 916 3256 Germ.
966 3190 1099 3256 Scr.
1145 3192 1315 3257 XIX
1359 3193 1535 3279 292).
1626 3195 1854 3259 Plures
1916 3194 2005 3258 ibi
2051 3196 2357 3260 ecclesias
2398 3195 2786 3278 invenimus,
2843 3195 3011 3258 inter
3069 3214 3229 3277 quas
3273 3192 3577 3257 ecclesias

698 3317 746 3359 s.
779 3295 1025 3361 Mariae
1084 3298 1150 3361 in
1204 3303 1410 3362 castro
1472 3307 1538 3362 et
1582 3321 1630 3361 8.
1671 3298 1862 3363 Ρο1111
1921 3301 1982 3364 111
2026 3299 2196 3384 pede
2243 3299 2529 3363 eiusdem
2575 3300 2767 3363 castri
2812 3297 3199 3362 monasterio
3247 3295 3579 3361 Casinensi

699 3399 988 3483 donatas,
1033 3409 1225 3485 prout
1267 3422 1350 3466 ex
1395 3402 1536 3486 ipsa
1582 3402 1942 3467 donationis
1987 3402 2277 3468 chartula
2322 3401 2405 3467 ab
2446 3401 2743 3467 Oderisio
2789 3401 2919 3466 filio
2951 3399 3277 3467 Landonis
3323 3420 3380 3463 a.
3413 3402 3575 3464 1080

697 3522 842 3566 nor.
875 3507 912 3568 3
970 3510 1236 3570 constat.
1338 3505 1720 3572 Casinenses
1775 3506 1864 3571 ibi
1920 3507 2357 3592 praepositum
2412 3512 2481 3571 et
2532 3507 2871 3571 canonicos
2923 3506 3256 3570 instituere
3315 3510 3384 3568 et
3427 3524 3574 3569 cen-

698 3626 838 3670 sum
894 3609 1183 3693 recipere
1246 3610 1417 3675 soliti
1474 3617 1619 3675 sunt
1679 3609 1791 3696 (cf.
1835 3609 2102 3675 Gattula
2156 3610 2325 3675 Hist.
2382 3610 2560 3675 0088.
2607 3608 2679 3673 II
2724 3610 2896 3692 846).
2995 3608 3125 3674 Sed
3183 3606 3577 3693 temporibus

697 3708 1024 3776 Anastasii
1068 3710 1167 3777 IV
1208 3712 1574 3779 Verulanus
1619 3716 1959 3800 episcopus
2002 3716 2372 3780 monasterii
2418 3714 2783 3780 casinensis
2835 3715 2973 3779 iura
3016 3710 3411 3798 parochialia
3455 3709 3575 3774 sibi

697 3812 1066 3880 vindicabat
1117 3814 1227 3900 (cf.
1260 3817 1520 3901 Veroli,
1584 3817 1797 3903 Episc.
1855 3840 1914 3882 n.
1965 3823 2064 3884 16.
2115 3816 2241 3903 17).
2331 3817 2482 3881 Alia
2535 3816 2809 3881 ecclesia
2853 3838 2901 3881 s.
2932 3817 3159 3882 Leucii
3202 3817 3267 3879 in
3311 3813 3573 3879 Babuco

696 3918 865 3982 inter
905 3920 1324 4003 pertinentias
1370 3923 1744 3988 monasterii
1790 3921 2198 3987 Sublacensis
2239 3927 2652 3986 memoratur.

914 4073 1095 4148 Quae
1163 4083 1513 4162 sequuntur
1564 4099 1650 4142 ex
1694 4076 2036 4142 Verulanis
2103 4076 2502 4142 documentis
2561 4076 3093 4162 deprompsimus.
3179 4074 3334 4139 Alia
3378 4073 3573 4137 docu-

697 4185 946 4262 menta,
994 4200 1161 4264 quae
1207 4180 1290 4245 ad
1335 4186 1613 4246 castrum
1657 4181 1989 4246 Babucum
2037 4183 2301 4267 eiusque
2348 4179 2641 4245 dominos
2685 4187 3010 4265 spectant,
3067 4178 3469 4262 reperiuntur
3511 4177 3577 4239 in

697 4280 1092 4347 Monterenzi
1136 4284 1499 4350 Cameralia
1543 4284 1665 4350 vol.
1700 4284 1760 4348 G
1801 4284 2012 4350 Roma
2059 4285 2252 4350 Arch.
2285 4283 2434 4349 Vat.
2481 4284 2660 4348 Arm.
2706 4283 3000 4348 XXXVI
3043 4288 3087 4347 t.
3125 4288 3159 4348 7
3208 4282 3252 4346 f.
3288 4284 3411 4346 300
3435 4302 3529 4365 sq.

697 4436 777 4499 *1
3163 4438 3456 4501 159—81

695 4543 1167 4609 Alexander
1210 4543 1314 4608 III
1357 4544 1659 4630 prohibet
1701 4567 1820 4630 per
1860 4547 1936 4611 P.
1969 4544 2239 4610 Galloco
2286 4544 2765 4624 subdiaconum,
2811 4439 3573 4626 rectorenilcampansse,

698 4668 779 4712 110
825 4647 1069 4713 domini
1117 4647 1197 4713 de
1241 4647 1507 4714 Babuco
1553 4648 1896 4715 Verulanis
1938 4649 2200 4713 iniurias
2246 4656 2312 4715 et
2353 4648 2728 4732 gravamina
2772 4646 3067 4713 inferant.

697 4818 779 4883 *2
1076 4768 1126 4805 v.
1151 4749 1357 4815 Veroli.
1396 4750 1514 4806 Clv.
1551 4769 1602 4807 11.
1627 4752 1677 4806 4.
2639 4819 2959 4885 Laterano
3003 4819 3237 4903 (1182)
3280 4817 3413 4882 iam
3448 4819 3490 4881 8

699 4922 1013 5010 [Lucius
1057 4924 1162 4988 III
1205 4923 1569 4989 consulibus
1614 4933 1682 4990 et
1716 4926 1956 5010 populo
1977 4924 2357 5012 Verulano]:
2407 4931 2618 4989 cassat
2646 4925 3027 5008 iuramenta,
3075 4922 3302 5008 quibus
3333 4922 3575 4987 domini

699 5028 780 5093 de
826 5027 1117 5112 Babuco,
1182 5035 1329 5113 post
1373 5035 1625 5093 atroces
1670 5030 1931 5093 iniurias
1984 5037 2205 5094 contra
2254 5029 2605 5094 Alexandri
2651 5029 2757 5093 III
2818 5027 3340 5112 prohibitionem·
3375 5025 3575 5110 (2221)

697 5131 1039 5197 Verulanis
1084 5133 1335 5216 inlatas,
1383 5153 1496 5198 008
1539 5154 1658 5218 per
1699 5133 2027 5198 Aletrinos
2073 5134 2428 5217 astringere
2473 5138 3057 5218 praesumpserunt.

1075 5252 1126 5291 v.
1152 5234 1360 5301 Veroli,
1398 5235 1515 5291 Civ.
1552 5254 1605 5290 11.
1630 5238 1680 5291 5.
