4055 6069
752 441 878 507 228
2077 436 2318 496 Latium.

749 620 998 697 narrat,
1052 613 1509 677 monasterium
1570 634 1618 677 s.
1652 610 1972 698 Sepulcri,
2031 612 2205 699 quod
2268 613 2352 679 ad
2397 613 2760 680 Romanam
2809 617 3146 683 ecclesiam
3193 618 3367 683 nullo
3413 619 3629 685 medio

749 719 1048 803 pertinet,
1092 723 1357 802 propter
1384 716 1700 782 malitiam
1745 719 1809 781 in
1854 716 2086 783 eodem
2118 717 2540 783 habitantium
2585 719 2649 783 in
2681 719 3114 804 spiritualibus
3158 728 3225 787 et
3267 724 3332 787 in
3378 729 3628 808 tempo-

750 820 989 886 ralibus
1032 821 1203 887 adeo
1244 821 1528 906 graviter
1572 841 1712 886 esse
1760 822 2133 907 collapsum,
2182 821 2353 907 quod
2397 822 2574 887 nulla
2617 845 2765 908 spes
2810 823 2892 889 sit
2936 823 3017 889 de
3050 832 3267 891 cetero
3310 833 3383 891 ut
3427 827 3629 891 refor-

749 927 911 990 mari
964 926 1030 989 in
1074 924 1297 989 ordine
1351 946 1466 988 suo
1511 926 1740 1008 possit;
1795 933 2143 1010 propterea
2184 926 2477 1011 mandat,
2536 933 2607 991 ut
2648 927 3167 993 Vallumbrosani
3221 930 3287 994 id
3333 930 3632 995 studeant

748 1030 1100 1095 reformare
1170 1027 1301 1114 (ed.
1349 1028 1627 1103 Quellen
1682 1028 1814 1093 und
1878 1029 2341 1115 Forschungen
2383 1030 2516 1095 VII
2582 1029 2810 1118 (1904)
2876 1037 2952 1095 41
3025 1054 3086 1097 n.
3126 1034 3254 1119 17).
3363 1033 3466 1098 Ex
3531 1033 3630 1097 his

749 1135 1147 1201 documentis
1213 1140 1424 1219 patet,
1493 1135 1950 1200 monasterium
2020 1155 2062 1199 a
2126 1155 2241 1199 suo
2304 1134 2539 1200 abbate
2602 1137 2782 1201 iuxta
2837 1137 3128 1223 regulam
3195 1159 3244 1201 s.
3291 1136 3631 1203 Benedicti

747 1246 992 1305 rectum
1039 1259 1182 1304 esse
1225 1259 1428 1325 usque
1474 1238 1557 1303 ad
1601 1237 1934 1305 Urbanum
1980 1239 2097 1324 IV,
2145 1241 2254 1325 qui
2301 1262 2358 1305 a.
2397 1242 2559 1306 1263
2606 1241 2753 1305 mai.
2788 1242 2869 1305 23
2931 1239 3150 1306 abbati
3208 1249 3275 1306 et
3329 1240 3630 1305 fratribus

748 1342 1094 1427 concessit,
1150 1348 1224 1406 ut
1265 1341 1432 1406 hanc
1474 1340 1535 1406 b.
1567 1341 1904 1406 Benedicti
1959 1343 2249 1427 regulam
2304 1342 2701 1408 dimitterent
2758 1349 2825 1409 et
2877 1343 2963 1409 ad
3022 1343 3310 1409 ordinem
3369 1345 3626 1409 canoni·

746 1468 966 1512 corum
1020 1446 1408 1531 regularium
1462 1468 1511 1509 s.
1555 1445 1898 1530 Augustini
1951 1465 2021 1510 se
2091 1445 2457 1511 conferrent
2516 1446 2626 1531 (cf.
2673 1446 2725 1511 1.
2776 1445 3065 1512 Guiraud
3129 1447 3258 1513 Les
3323 1449 3627 1533 registres

748 1538 1059 1617 d'Urbain
1102 1549 1198 1614 IV
1251 1556 1296 1614 t.
1340 1547 1411 1613 Π
1458 1550 1577 1612 112
1637 1569 1699 1613 ιι.
1744 1548 1918 1634 251).
2017 1547 2165 1614 Hoc
2223 1550 2682 1615 monasterium
2741 1552 2871 1616 iam
2927 1551 3081 1616 olim
3149 1550 3234 1616 ad
3288 1552 3625 1618 ecclesiam

746 1681 795 1722 s.
838 1654 1130 1740 Sepulcri
1172 1652 1747 1737 Hierosolymitani
1797 1651 2170 1718 immediate
2224 1654 2560 1738 spectabat
2612 1653 2721 1741 (cf.
2768 1652 2977 1720 Lubin
3033 1676 3098 1739 p.
3148 1659 3224 1720 19
3240 1680 3256 1732 ;
3314 1654 3628 1722 Albarelli

746 1763 813 1825 in
855 1760 1029 1826 Mon.
1077 1756 1213 1822 ord.
1259 1754 1605 1822 Servorum
1652 1778 1701 1819 s.
1733 1755 1980 1822 Mariae
2024 1756 2096 1820 H
2148 1756 2317 1844 195).

957 1947 1171 2013 Unum
1203 1947 1387 2012 Lucii
1415 1947 1486 2011 11
1529 1946 1956 2034 privilegium,
2003 1946 2177 2033 quod
2207 1955 2518 2033 superest,
2565 1950 2630 2014 in
2658 1950 3174 2017 instrumentario
3222 1953 3628 2038 episcopatus

747 2052 1140 2120 Urbevetani
1184 2051 1419 2139 legitur
1447 2050 1537 2138 (n.
1575 2051 1702 2139 11),
1750 2073 1835 2117 ex
1880 2074 2006 2137 quo
2040 2053 2437 2138 transcripsit
2465 2051 2869 2139 Garampius.
2935 2053 3214 2139 Reliqua
3245 2054 3628 2122 documenta

745 2179 829 2223 ex
872 2156 1064 2223 bullis
1107 2176 1223 2242 pro
1269 2154 1543 2221 ecclesia
1587 2177 1636 2220 s.
1668 2155 1960 2222 Marcelli
2004 2155 2085 2221 de
2137 2154 2314 2222 Urbe
2361 2157 2742 2243 sumpsimus
2787 2156 2898 2243 (cf.
2942 2157 3069 2223 vol.
3103 2157 3135 2221 Ι
3178 2179 3242 2243 p.
3277 2161 3356 2225 73
3381 2161 3524 2246 sq.).

951 2346 1008 2399 B
1044 2367 1118 2392 =
1152 2341 1691 2411 Instrumenta-ium,
1726 2363 1771 2401 s.
1798 2344 2153 2412 XIII-XIV,
2192 2347 2311 2402 cod.
2336 2346 2399 2413 Β,
2437 2346 2666 2405 Orvieto
2702 2347 2868 2403 Arch.
2905 2347 3195 2404 vescovile.

956 2431 1003 2485 0
1058 2454 1122 2478 =
1157 2432 1263 2488 Ios.
1311 2430 1581 2502 Garampi
1633 2429 1859 2487 Notizie
1905 2430 2158 2489 ricavate
2214 2433 2370 2505 dagli
2423 2433 2641 2490 archivi
2677 2475 2692 2491 .
2719 2475 2732 2489 .
2768 2433 2828 2489 di
2865 2433 3099 2490 Viterbo
3143 2438 3280 2500 etc„
3333 2453 3375 2490 s.
3421 2434 3626 2501 XVIII,

1158 2516 1336 2574 Roma
1370 2517 1535 2574 Arch.
1563 2516 1693 2572 Vat.
1730 2515 1920 2573 Fondo
1957 2516 2224 2590 Garampi
2258 2536 2359 2574 ms.
2397 2518 2490 2586 633
2528 2520 2597 2575 cf.
2635 2519 2790 2576 Gott.
2825 2519 3034 2576 Nachr.
3073 2520 3207 2579 1900
3239 2537 3295 2591 p.
3319 2520 3437 2577 393.

742 2658 823 2721 *1
3171 2663 3541 2741 1049—54)

743 2763 899 2828 Leo
943 2761 1045 2828 IX
1108 2760 1316 2846 iubet,
1382 2769 1455 2827 ut
1505 2781 1744 2848 poena,
1811 2782 1940 2828 non
1993 2764 2314 2849 impensa,
2384 2786 2575 2852 quam
2634 2763 2835 2830 abbas
2902 2788 2951 2832 s.
3007 2670 3297 2850 Sepblcri
3362 2767 3625 2852 Aquae-

742 2865 1083 2952 pendentis
1126 2864 1373 2932 clericis
1418 2867 1731 2932 ecclesiae
1777 2889 1826 2931 s.
1858 2865 2151 2933 Marcelli
2197 2869 2279 2935 de
2323 2868 2501 2934 Urbe
2560 2890 2678 2954 pro
2733 2868 3072 2935 ecclesiola
3125 2890 3206 2933 ss.
3240 2869 3514 2935 Oosmae
3559 2877 3625 2934 et

740 2970 1043 3037 Damiani
1087 2970 1254 3034 intra
1299 2969 1646 3036 claustrum
1696 2991 1918 3036 eorum
1964 2973 2087 3037 sita
2134 2970 2436 3056 debebat,
2482 2978 2727 3039 tantum
2769 2971 3068 3058 legaliter
3113 2972 3506 3040 emendetur.

950 3080 1132 3137 Laud.
1166 3081 1232 3136 iu
1264 3098 1320 3137 n.
1348 3088 1397 3137 8.
1435 3113 1501 3123 -
1540 3081 1668 3151 Ray.
1705 3081 1811 3139 JL.
1848 3114 1933 3137 —.

746 3187 831 3253 *2
3136 3189 3539 3275 (1055—57)

742 3291 1009 3358 Victor
1051 3287 1122 3353 H
1164 3289 1459 3356 similiter
1503 3291 1837 3376 praecipit.

947 3399 1130 3456 Lana.
1167 3400 1232 3455 in
1264 3417 1322 3455 n.
1349 3407 1399 3457 ε.
1435 3431 1504 3442 -
1541 3400 1679 3474 1229.
1712 3401 1820 3458 π..
1859 3433 1943 3460 -.

745 3508 829 3572 *3
3133 3511 3535 3593 (1057—58)

742 3609 1191 3697 Stephanus
1233 3611 1335 3676 IX
1377 3611 1603 3678 itidem
1647 3610 1826 3678 iubet
1867 3617 1972 3694 (ut
2011 3633 2077 3678 n.
2111 3613 2171 3678 1.
2199 3615 2292 3692 2).

947 3720 1129 3778 Laud.
1163 3722 1226 3776 εκ
1258 3735 1316 3777 n.
1343 3727 1395 3778 s.
1429 3752 1498 3765 -
1534 3721 1667 3793 309.
1703 3721 1810 3780 JL.
1847 3752 1929 3777 -.

740 3828 821 3892 *4
3131 3831 3533 3913 (1059—61)

738 3930 1112 3997 Nicolaus
1154 3929 1225 3994 Π
1268 3929 1491 3996 itidem
1536 3930 1716 3996 iubet
1758 3931 1863 4015 (ut
1902 3951 1968 3997 n.
2005 3934 2062 3996 1.
2092 3932 2157 3998 2.
2187 3934 2281 4016 3).

945 4040 1128 4098 Lana.
1163 4041 1227 4095 a·
1258 4046 1384 4098 ms.
1420 4071 1486 4083 -
1525 4040 1657 4112 Ray.
1691 4041 1808 4098 π..
1845 4073 1928 4097 -.

739 4148 819 4213 *5
3128 4150 3531 4232 (1061—73)

740 4251 1196 4318 Alexander
1253 4250 1323 4317 11
1375 4252 1846 4336 possessionem
1908 4252 2289 4319 ecclesiolae
2342 4273 2424 4318 ss.
2469 4252 2744 4319 Cosmae
2812 4260 2880 4318 et
2941 4252 3242 4319 Damiani
3305 4254 3616 4319 ecclesiae

740 4378 789 4421 s.
821 4355 1114 4422 Marcelli
1157 4354 1239 4421 de
1283 4354 1460 4420 Urbe
1506 4353 1691 4421 reddi
1733 4354 1930 4422 iubet.

945 4464 1127 4522 Lana.
1162 4466 1227 4520 in
1258 4472 1389 4523 m.
1425 4495 1494 4506 -
1528 4466 1662 4538 neq.
1696 4466 1805 4523 π..
1844 4498 1927 4523 -.

745 4572 832 4635 *6
3126 4574 3496 4657 (1080—84
3491 4575 3527 4657 )

739 4675 1092 4741 Clemens
1136 4673 1243 4738 ΠΙ
1287 4681 1320 4755 (
1334 4673 1680 4760 martas)
1722 4682 1982 4761 pactum
2027 4678 2354 4762 componit
2398 4678 2564 4743 inter
2594 4677 2859 4743 clericos
2904 4700 2953 4743 s.
2986 4677 3276 4743 Marcelli
3323 4676 3405 4743 de
3434 4675 3613 4743 Urbe

740 4786 808 4845 et
858 4776 1162 4844 abbatem
1219 4798 1268 4840 s.
1308 4776 1626 4864 Sepulcri,
1692 4785 1764 4844 ut
1826 4780 2285 4845 monasterium
2339 4781 2616 4846 retineat
2660 4781 3065 4846 ecclesiolam
3111 4803 3192 4845 ss.
3223 4780 3500 4846 Cosmae
3546 4788 3614 4847 et

738 4881 1074 4967 Damiani,
1141 4882 1407 4968 singulis
1474 4880 1830 4969 quibusque
1893 4884 2075 4949 annis
2142 4882 2425 4949 debitam
2497 4904 2810 4970 poenam,
2880 4906 3008 4949 non
3073 4886 3430 4969 impensam
3497 4906 3614 4970 per

739 4991 823 5050 44
868 5006 1101 5071 annos,
1167 4984 1234 5049 id
1302 4991 1401 5051 est
1456 4985 1538 5051 ab
1591 5007 1650 5051 a.
1683 4989 1720 5050 2
1768 4987 2074 5053 Iohannis
2117 4986 2282 5052 XIX
2334 4988 2564 5069 (1025)
2608 5008 2811 5074 usque
2857 4988 2941 5054 ad
2987 5010 3044 5054 a.
3073 4993 3108 5053 7
3155 4988 3512 5054 Alexandri
3541 4989 3612 5053 11

739 5092 990 5175 (1068),
1033 5091 1423 5176 persolvens.

944 5201 1123 5258 Laud.
1160 5203 1223 5259 in
1257 5221 1313 5260 n.
1336 5211 1387 5261 8.
1426 5235 1490 5248 -
1526 5205 1653 5277 Ray.
1689 5203 1805 5260 JL.
1846 5234 1927 5260 —.
