4055 6069
650 494 773 559 222
1975 491 2218 548 Latium.

650 667 731 731 ab
776 666 1269 753 imperatoribus
1313 668 1649 733 Romanae
1698 667 2011 733 ecclesiae
2061 670 2378 734 concessis
2424 689 2679 753 semper
2722 670 2889 734 inter
2926 668 2986 733 b.
3020 669 3200 733 Petri
3246 670 3541 733 civitates

651 779 1076 837 enumeratur.
1169 771 1296 836 Sed
1353 778 1579 857 postea
1633 773 1950 836 memoria
2013 773 2393 858 temporalis
2453 773 2714 837 dominii
2782 795 2829 836 s.
2869 772 3039 837 sedis
3105 774 3195 836 ita
3262 775 3537 855 evanuit,

518 874 524 881 ’
648 882 719 939 ut
784 876 1179 960 temporibus
1242 874 1558 939 Hadriani
1613 875 1730 951 IV,
1809 877 1916 960 qui
1990 878 2320 941 civitatem
2381 876 2441 940 b.
2492 876 2689 941 Petro
2750 878 2979 940 iterum
3040 878 3374 961 acquisivit
3430 875 3539 961 (cf.

651 980 892 1045 Civitas
935 1003 999 1044 n.
1040 980 1121 1063 1),
1178 985 1246 1043 ut
1301 981 1391 1044 ait
1434 979 1605 1043 Boso
1670 985 1898 1044 auctor
1954 979 2148 1045 Vitae
2201 981 2518 1045 Hadriani
2563 980 2680 1063 IV,
2739 980 2819 1044 ab
2867 979 3157 1044 omnibus
3204 980 3540 1063 diceretur,

648 1084 893 1149 nullum
947 1105 1253 1169 umquam
1304 1084 1741 1149 Romanorum
1808 1084 2183 1168 pontificum
2244 1084 2517 1149 eandem
2572 1085 2894 1149 civitatem
2946 1086 3216 1149 intrasse
3262 1084 3365 1150 vel
3424 1085 3539 1148 ali-

653 1210 845 1273 quam
877 1190 942 1251 in
975 1209 1053 1252 ea
1086 1188 1510 1272 temporalem
1542 1194 1933 1272 potestatem
1964 1188 2269 1253 habuisse
2302 1188 2470 1272 (Lib.
2503 1189 2728 1273 pontif.
2763 1188 2863 1254 ed.
2889 1188 3231 1254 Duchesne
3263 1189 3331 1251 H
3366 1187 3539 1273 395).

863 1290 1329 1377 Episcoporum
1383 1293 1590 1376 prima
1648 1293 1875 1356 notitia
1930 1301 2027 1357 est
2090 1291 2261 1376 apud
2319 1291 2704 1377 Gregorium
2744 1293 2809 1369 1;
2873 1292 3264 1378 probabilior
3321 1294 3540 1378 itaque

650 1395 948 1460 habenda
982 1398 1194 1480 opinio
1226 1394 1596 1478 Duchesnii,
1644 1397 1751 1480 qui
1784 1403 1986 1481 putat,
2021 1397 2350 1481 antiquam
2384 1397 2818 1461 Volsiniorum
2852 1397 3073 1461 sedem
3106 1397 3539 1481 episcopalem

652 1520 728 1565 eo
778 1500 1154 1564 translatam
1201 1521 1341 1564 esse
1390 1498 1613 1583 (Arch.
1662 1500 1831 1564 della
1878 1499 2022 1564 Soc.
2068 1500 2257 1565 Rom.
2291 1500 2416 1564 XV
2454 1499 2631 1585 488).
2711 1500 3159 1566 Urbevetanus
3205 1502 3543 1585 episcopus

652 1604 945 1668 Romano
991 1604 1274 1688 pontifici
1326 1604 1446 1667 fnit
1492 1604 1862 1670 immediate
1910 1604 2250 1669 subiectus.

870 1708 1161 1773 Ecclesia
1219 1709 1636 1791 cathedraliS,
1695 1708 1847 1771 olim
1895 1730 1942 1771 s.
1977 1708 2354 1773 Constantio
2413 1718 2478 1774 et
2532 1709 2592 1773 b.
2625 1710 2868 1774 Mariae
2915 1710 3174 1773 Priscae
3223 1710 3537 1793 dedicata,

651 1833 817 1877 saec.
864 1812 1035 1876 XIII
1078 1814 1259 1876 novis
1304 1814 1506 1897 iisque
1553 1813 2198 1897 magnificentissimis
2244 1813 2512 1877 aedibus
2556 1815 2908 1877 instaurata
2968 1819 3066 1877 est
3122 1815 3185 1876 in
3232 1813 3540 1876 honorem

654 1915 712 1979 b.
755 1916 1020 1980 Mariae.
1112 1917 1465 1982 Praeterea
1524 1918 1588 1980 in
1640 1917 1835 1980 Libro
1897 1916 2245 2000 pontificali
2294 1917 2567 2001 legimus
2622 1918 2957 1982 ecclesiam
3006 1917 3067 1979 b.
3099 1916 3287 1981 Pauli
3334 1925 3536 2002 apost.

654 2043 714 2104 q.
762 2041 909 2104 app.
961 2018 1363 2085 Conventum
1410 2043 1449 2086 a
1492 2021 1712 2086 Leone
1745 2020 1849 2084 III
1893 2020 2371 2114 reaedificatam
2419 2020 2789 2104 (Duchesne
2836 2021 2904 2083 H
2957 2021 3082 2105 11).

867 2210 967 2275 De
1015 2210 1288 2274 archivis
1332 2210 1758 2276 Urbevetanis
1805 2211 1883 2274 cf.
1930 2210 2124 2275 Della
2169 2211 2357 2276 Valle
2405 2234 2466 2296 p.
2503 2216 2583 2276 79
2604 2233 2732 2295 sq.;
2779 2209 3145 2275 Bethmann
3189 2210 3252 2274 in
3299 2210 3540 2274 Archiv

652 2314 788 2378 XII
855 2318 1012 2391 477;
1093 2335 1150 2376 v.
1199 2314 1568 2399 Pflugk-H.
1648 2315 1783 2379 Iter
1836 2337 1897 2398 p.
1948 2319 2066 2391 66;
2145 2314 2334 2379 Fumi
2403 2315 2561 2381 Ood.
2621 2314 2774 2400 dipl.
2844 2314 3045 2398 praef.
3114 2336 3176 2398 p.
3229 2313 3365 2377 XII
3414 2336 3536 2399 sq.;

655 2417 1089 2502 Gregorovius
1146 2419 1213 2481 in
1271 2418 1466 2482 Arch.
1514 2441 1632 2504 per
1684 2419 1745 2483 le
1803 2417 2068 2482 Marche
2115 2440 2150 2483 e
2196 2441 2313 2503 per
2356 2419 2396 2481 l'
2423 2418 2692 2484 Umbria
2734 2418 2803 2481 II
2850 2422 2974 2483 368
3000 2440 3116 2502 sq.;
3175 2417 3539 2482 Mazzatinti

656 2520 761 2585 Gli
806 2520 1047 2585 archivi
1095 2521 1266 2585 della
1310 2524 1506 2587 storia
1551 2522 1610 2586 d'
1644 2523 1835 2587 Italia
1879 2522 1914 2585 I
1959 2525 2076 2587 211
2110 2544 2237 2607 sq.;
2286 2520 2460 2586 Gott.
2509 2521 2744 2586 Nachr.
2800 2524 2955 2586 1901
3006 2542 3070 2604 p.
3105 2523 3228 2585 208
3255 2544 3349 2606 sq.

859 2693 916 2746 B
958 2716 1022 2739 =
1059 2692 1595 2759 Instrumentarium,
1632 2713 1672 2749 s,
1702 2694 2057 2761 XIII—XIV,
2096 2694 2215 2749 cod.
2242 2694 2305 2761 B,
2345 2693 2575 2749 Orvieto
2611 2694 2775 2748 Arch.
2814 2691 3109 2749 vescovile.

654 2819 694 2879 1
3125 2815 3251 2878 590
3294 2815 3419 2879 dec.

655 2919 1084 3005 Gregorius
1128 2921 1163 2984 I
1220 2920 1490 2985 Iohanni
1550 2943 1648 3006 ep.
1710 2921 1789 2986 de
1844 2922 2021 2987 Urbe
2087 2927 2334 2988 vetere:
2389 2921 2707 3005 hortatur,
2753 2921 3036 3004 Agapito
3085 2818 3321 2984 gbbate
3368 2816 3535 2982 m)on.

653 3047 703 3088 s.
738 3022 1004 3110 Georgii
1033 3025 1412 3110 insinuante,
1454 3031 1527 3090 ut
1571 3024 1653 3090 ab
1684 3025 2151 3091 inhumanitate
2185 3026 2574 3091 monasterio
2619 3024 2801 3090 illata
2832 3024 3100 3089 desistat
3144 3029 3210 3089 et
3253 3028 3538 3087 mortuos

653 3128 896 3194 ibidem
942 3129 1200 3215 sepeliri
1244 3130 1349 3194 vel
1391 3131 1619 3194 missas
1665 3129 1976 3195 celebrari
2021 3132 2372 3215 permittat.
2417 3167 2503 3177 —
2547 3130 2866 3215 Agapitus
2912 3126 3132 3192 abbas.

865 3239 1005 3311 Req.
1048 3240 1297 3312 Greyorii
1332 3240 1369 3294 1
1407 3241 1494 3295 lob.
1522 3241 1562 3293 Ι
1589 3257 1668 3309 ep.
1694 3248 1771 3295 12.
1827 3272 1893 3281 -
1948 3240 2092 3296 Εᾱά.
2139 3242 2194 3297 S.
2244 3241 2497 3311 Gregorii
2536 3239 2612 3295 M.
2659 3239 2794 3309 Opp.
2844 3238 2920 3293 cd.
2971 3238 3160 3293 Maur.
3196 3238 3285 3292 lib.
3312 3238 3356 3292 I
3379 3255 3435 3293 n.
3461 3245 3536 3292 12.

651 3325 815 3380 Delta
860 3326 1008 3381 Vane
1043 3343 1103 3395 p.
1131 3334 1180 3382 5.
1252 3327 1447 3381 Mami
1488 3327 1589 3381 IX
1621 3335 1748 3384 1036
1794 3345 1849 3382 n.
1879 3335 1953 3383 12.
2049 3328 2360 3399 Camellani
2405 3327 2458 3382 V
2485 3334 2597 3382 461.
2693 3327 2873 3396 Troya
2908 3324 2950 3380 I
2976 3333 3073 3380 146
3116 3342 3171 3381 n.
3199 3332 3275 3381 51.
3348 3325 3538 3392 Hique

652 3412 969 3468 LXXVII
1000 3421 1098 3469 458
1140 3430 1195 3468 n.
1222 3422 1296 3469 12.
1370 3414 1521 3470 Mon.
1562 3414 1733 3470 Gerra.
1772 3415 1913 3484 Epp.
1954 3416 1994 3468 Ι
2020 3422 2096 3470 13.
2134 3446 2198 3455 -
2237 3416 2406 3486 Reqq.
2443 3415 2503 3469 J.
2546 3421 2651 3468 714.
2723 3413 2834 3468 JE.
2872 3420 3021 3468 1079.

1025 3509 1089 3563 In
1127 3509 1381 3579 pluribus
1416 3528 1559 3566 saec.
1585 3509 1664 3564 x1
1701 3509 2017 3581 privilegiis
2069 3511 2163 3577 (ad
2207 3527 2291 3565 ex.
2328 3507 2583 3580 Gregorii
2610 3508 2715 3562 VII
2750 3507 2847 3561 JL.
2882 3507 3043 3575 5044)
3076 3505 3241 3561 huius
3278 3504 3536 3575 rescripti

861 3594 1113 3667 Gregorii
1158 3597 1181 3651 I
1230 3597 1304 3652 ad
1350 3597 1655 3653 Iohannem
1700 3614 1788 3667 ep.
1838 3595 1990 3652 circa
2039 3597 2350 3668 Agapitum
2396 3597 2661 3651 abbatem
2710 3594 2920 3650 mentio
2957 3595 3045 3662 fit,
3096 3593 3194 3649 sed
3241 3608 3534 3664 perperam

858 3681 916 3736 in
953 3681 1035 3737 eis
1071 3683 1349 3754 Agapitus
1386 3683 1551 3739 Urbis
1590 3683 1792 3739 veteris
1829 3682 2126 3754 episcopus
2161 3683 2503 3755 appellatur.

651 3806 697 3869 2
3096 3803 3247 3886 (591
3291 3802 3450 3880 dec.)

655 3909 1087 3995 Gregorius
1132 3911 1167 3974 I
1211 3911 1500 3977 Candido
1548 3933 1649 3997 ep.
1698 3912 1779 3977 de
1824 3912 1999 3979 Urbe
2046 3920 2298 3978 vetere:
2362 3912 2681 3996 hortatur,
2742 3916 3059 3997 quatenus
3103 3907 3535 3990 calumnioso,

652 4014 843 4077 latori
887 4016 1352 4099 praesentium,
1414 4019 1802 4102 aegrotanti,
1873 4024 2178 4082 consueta
2222 4016 2590 4099 commoda,
2657 4016 2739 4080 ab
2800 4015 3074 4080 ecclesia
3118 4033 3232 4076 sua
3276 4016 3534 4095 negata,

655 4116 1004 4182 secundum
1048 4119 1173 4182 loci
1218 4120 1353 4183 eius
1399 4120 1686 4186 ordinem
1731 4120 2045 4206 praebere
2091 4142 2217 4185 non
2264 4121 2532 4186 desinat.
2580 4159 2664 4166 —
2710 4119 2872 4185 Cum
2917 4116 3261 4201 percussio.

860 4228 994 4302 Req.
1035 4228 1283 4301 (ἕτεροι-ἐι·
1317 4229 1359 4285 Ι
1384 4231 1470 4285 lib.
1507 4232 1581 4285 ΙΙ
1607 4249 1685 4301 ep.
1719 4240 1791 4287 11.
1846 4263 1913 4273 -
1962 4232 2110 4287 Εάᾱ.
2156 4232 2210 4287 S.
2245 4231 2491 4300 &aym-ii
2534 4231 2614 4285 M.
2657 4229 2792 4300 opp.
2837 4228 2918 4284 ed.
2954 4228 3140 4283 Maur.
3188 4225 3378 4281 lib.11
3405 4242 3461 4280 n.
3485 4232 3534 4280 s.

652 4313 847 4370 Mami
881 4315 983 4369 1Χ
1017 4322 1145 4371 1086
1179 4333 1234 4370 n.
1259 4324 1303 4372 5.
1395 4316 1703 4387 cappella&
1748 4319 1802 4373 V
1835 4327 1949 4374 461.
2040 4319 2227 4389 Μέρη
2260 4316 2566 4373 LXXVII
2608 4325 2706 4372 544
2750 4333 2806 4371 n.
2831 4321 2880 4370 8.
2968 4315 3123 4369 Mon.
3172 4312 3345 4368 Germ.
3391 4311 3535 4381 Epp.

654 4399 696 4455 Ι
726 4407 837 4456 109.
873 4431 942 4442 -
979 4401 1140 4472 Reyq.
1178 4401 1231 4457 J.
1273 4410 1382 4458 797.
1443 4403 1556 4459 «ΤΕ.
1596 4413 1727 4461 1161.

653 4561 696 4620 3
1218 4529 1221 4532 ’
3031 4557 3189 4638 (596
3231 4560 3450 4639 mart.)

657 4662 1074 4748 Gregorius
1119 4665 1152 4728 I
1209 4664 1499 4730 Candido
1561 4689 1660 4751 ep.
1717 4666 1799 4732 de
1843 4665 2019 4730 Urbe
2067 4666 2270 4731 veteri
2314 4665 2592 4728 maiore:
2661 4661 2987 4726 licentiam
3035 4659 3146 4725 dat
3187 4660 3537 4724 monachos

657 4766 738 4831 de
790 4769 1193 4832 monasteriis
1246 4770 1312 4833 in
1366 4771 1502 4834 eius
1556 4770 1863 4854 parochia
1905 4771 2130 4855 positis
2185 4790 2329 4833 cum
2390 4787 2656 4832 assensu
2708 4764 2959 4830 abbatis
3004 4764 3231 4829 tollere
3279 4770 3345 4829 et
3387 4785 3534 4848 pre-

656 4870 947 4956 sbyteros
979 4870 1294 4957 ordinare,
1336 4874 1641 4939 solliciter
1671 4881 1887 4939 tamen
1917 4875 2050 4938 vita
2080 4871 2454 4956 actibusque
2487 4890 2711 4935 eorum
2740 4869 3075 4954 inquisitis.
3107 4906 3191 4916 —
3220 4867 3536 4932 Indicavit

654 4975 859 5043 nobis.

863 5086 994 5158 Req.
1034 5087 1281 5161 Greyon‘i
1306 5089 1349 5144 I
1370 5089 1456 5144 lib.
1495 5089 1580 5144 VI
1603 5105 1680 5158 ep.
1706 5095 1785 5143 27.
1831 5118 1896 5129 -
1942 5087 2086 5143 Εάᾱ.
2124 5087 2179 5143 S.
2213 5086 2460 5156 Greyorii
2494 5084 2576 5141 Μ.
2618 5084 2752 5155 Opp.
2791 5083 2868 5138 ed.
2905 5081 3092 5138 Maur.
3130 5082 3215 5138 2212.
3253 5082 3341 5136 VI
3367 5099 3422 5136 π.
3450 5089 3536 5139 28.

656 5174 854 5228 Mami
891 5174 953 5228 X
986 5183 1050 5230 19
1083 5192 1139 5229 n.
1163 5183 1243 5231 27.
1325 5176 1634 5246 Cappdletti
1675 5175 1769 5231 VI
1804 5183 1919 5231 462.
2002 5175 2194 5245 mque
2242 5173 2554 5229 LXXVII
2590 5179 2698 5228 820
2743 5189 2797 5226 n.
2824 5177 2904 5226 28.
2991 5169 3142 5224 Mon.
3183 5168 3354 5223 Germ.
3393 5168 3534 5239 ΕΜ).

659 5260 700 5315 Ι
728 5267 843 5315 405.
879 5291 945 5300 —
985 5260 1150 5334 Reyq.
1186 5263 1249 5319 J.
1285 5271 1435 5320 1039.
1491 5263 1604 5319 JE.
1642 5270 1788 5318 1407.
