4055 6069
655 441 735 506 78
1970 432 2214 494 Latium.

649 613 773 676 *11
3087 612 3423 675 1061—-73

652 716 1108 782 Alexander
1153 716 1218 780 II
1268 717 1603 782 destinatis
1648 717 2103 781 commissariis
2148 716 2516 800 apostolicis
2560 717 2901 801 praecipit,
2946 721 3017 779 ut
3055 612 3275 780 {Adam
3322 612 3452 800 ep.)
3472 721 3538 779 et

650 820 1007 885 Iohannem
1065 819 1211 885 abb.
1259 820 1596 887 Sublacen.
1644 841 1837 905 super
1888 820 2323 885 iurisdictione
2377 822 2569 885 castri
2614 819 2838 886 Girani
2882 820 3210 905 litigantes
3255 818 3339 882 ad
3384 840 3535 883 con-

652 924 938 989 cordiam
985 925 1324 989 conciliare
1372 924 1689 989 studeant.

1029 1053 1080 1091 v.
1116 1034 1371 1101 Subiaco,
1411 1034 1556 1089 Mon.
1594 1054 1636 1089 s.
1661 1033 1955 1091 Benedicti
1995 1039 2055 1090 et
2089 1053 2130 1089 s,
2156 1034 2537 1092 scholasticae
2574 1055 2626 1091 n.
2652 1035 2736 1091 32.
2764 1065 2830 1075 —
2860 1034 2940 1091 De
2966 1032 3357 1090 controversiis
3393 1031 3541 1088 inter

865 1123 1251 1193 episcopatum
1280 1119 1637 1176 Tiburtinum
1662 1124 1720 1177 et
1743 1121 2139 1177 monasterium
2167 1120 2502 1178 Sublacense
2529 1123 2598 1177 cf.
2625 1122 2798 1178 etiam
2825 1122 3031 1176 Bruzza
3056 1139 3107 1176 n.
3136 1121 3216 1175 14.
3247 1121 3325 1174 15.
3349 1120 3427 1174 16.
3456 1118 3539 1173 18.

651 1279 777 1343 *12
3047 1276 3450 1359 (1073—85)

653 1382 1082 1467 Gregorius
1113 1382 1244 1448 VII
1290 1383 1530 1466 definit,
1574 1389 1645 1446 ut
1689 1382 2010 1448 Iohannes
2055 1381 2200 1447 abb.
2234 1382 2571 1449 Sublacen.
2604 1382 3037 1448 ¹medietatem
3084 1382 3273 1446 castri
3307 1378 3528 1444 Girani

652 1486 734 1551 ab
780 1486 996 1552 Adam
1042 1508 1145 1571 ep.
1192 1486 1585 1552 concedente
1630 1508 1745 1571 pro
1793 1508 1841 1551 s.
1874 1487 2222 1552 Laurentio
2271 1492 2490 1552 teneat
2535 1493 2602 1551 et
2632 1487 2966 1552 custodiat.
3057 1486 3281 1550 Nuntii
3325 1505 3536 1569 papae

654 1591 1022 1675 decernunt,
1069 1596 1138 1655 ut
1183 1597 1459 1655 castrum
1504 1590 1689 1655 Colle
1731 1591 1964 1655 Marini
2009 1591 2091 1655 ab
2137 1590 2372 1656 abbate
2402 1591 2742 1657 Sublacen.
2787 1591 3197 1656 aedificatum
3229 1590 3538 1672 diruatur,

657 1694 960 1779 episcopo
1007 1693 1227 1760 abbati
1271 1697 1563 1779 impensa
1608 1696 2007 1761 restituente.

1032 1823 1082 1859 v.
1120 1804 1375 1871 Subiaco,
1412 1805 1559 1860 Mon.
1596 1823 1639 1860 s.
1663 1804 1955 1861 Benedicti
1991 1808 2051 1862 et
2086 1824 2127 1861 s.
2154 1805 2538 1861 Scholasticae
2574 1824 2627 1861 11.
2651 1806 2735 1861 33.

655 1926 780 1990 *13
3051 1926 3453 2009 (1073-85)

654 2030 1082 2117 Gregorius
1126 2031 1259 2097 VII
1315 2037 1461 2116 post
1517 2032 1948 2097 reversionem
2014 2031 2329 2097 dictorum
2384 2033 2747 2096 nuntiorum
2806 2031 2897 2112 (n.
2932 2032 3044 2114 12)
3091 2029 3406 2112 decernit,
3470 2035 3540 2092 ut

653 2141 932 2200 castrum
976 2136 1158 2201 Colle
1203 2135 1437 2201 Marini
1480 2158 1608 2200 non
1655 2135 2037 2221 destruatur,
2084 2136 2199 2201 sed
2244 2135 2445 2201 abbas
2475 2135 2811 2200 Sublacen.
2860 2156 3006 2199 eum
3053 2140 3270 2200 teneat
3301 2134 3537 2198 solum·

655 2239 850 2303 modo
897 2261 1042 2304 cum
1088 2247 1280 2306 turre.
1368 2240 1455 2304 Et
1506 2261 1723 2304 coram
1767 2242 2135 2325 praesentia
2189 2260 2399 2325 papae
2446 2241 2868 2323 constituitur,
2914 2247 2986 2304 ut
3029 2237 3229 2303 abbas
3275 2239 3539 2322 eiusque

654 2363 1056 2409 successores
1099 2364 1353 2409 roccam
1399 2342 1622 2408 Girani
1665 2344 2130 2428 perpetualiter
2175 2351 2456 2428 teneant,
2503 2344 2939 2409 consentiente
2987 2343 3310 2427 episcopo.

1037 2472 1086 2508 v.
1123 2452 1377 2518 Subiaco,
1414 2455 1560 2509 Mon.
1597 2474 1638 2508 s.
1663 2454 1955 2511 Benedicti
1993 2460 2053 2512 et
2088 2476 2131 2510 s,
2158 2452 2540 2511 Scholasticae
2577 2473 2628 2510 n.
2655 2454 2739 2510 34.

1650 2714 1966 2782 Basinca
2010 2731 2069 2781 s·
2099 2713 2556 2799 Euphemiae.

872 2870 1115 2935 Mentio
1161 2870 1347 2936 huius
1394 2870 1694 2937 basilicae
1742 2878 1841 2936 est
1883 2871 2091 2936 solum
2136 2872 2199 2934 in
2244 2868 2441 2934 Libro
2495 2867 2867 2954 pontificali.
2956 2867 3054 2932 Of.
3103 2869 3298 2932 etiam
3343 2867 3539 2933 Croc-

657 2974 911 3040 chiante
956 2996 1018 3060 p.
1054 2978 1208 3051 2663
1257 2974 1618 3043 Sebastiani
1662 2998 1725 3061 p.
1761 2979 1918 3054 3713
1965 2975 2310 3042 Duchesne
2355 2974 2389 3039 I
2436 2978 2559 3040 256
2606 2979 2737 3040 not.
2780 2978 2873 3038 11.

657 3130 740 3193 *1
1211 3131 1218 3134 ¹
3129 3129 3429 3193 492—96

660 3233 1015 3299 Gelasius
1059 3235 1094 3298 I
1164 3235 1421 3301 dedicat
1488 3233 1817 3301 basilicam
1885 3259 1934 3300 s.
1975 3235 2314 3300 Eufemiae
2381 3235 2678 3319 martyris
2740 3234 2804 3296 in
2872 3131 3139 3296 civitatg
3190 3131 3544 3316 Tiburti)na,

659 3339 933 3403 miliario
978 3338 1109 3403 XX
1155 3338 1235 3404 ab
1282 3338 1479 3404 Urbe.

661 3534 774 3604 Ray
812 3448 1046 3591 Arma}
1099 3450 1161 3503 in
1209 3449 1336 3504 Vita
1391 3449 1593 3504 Gela-sii
1629 3447 1671 3501 Ι
1712 3447 1860 3517 (Lib.
1907 3448 2110 3517 pontif.
2165 3446 2239 3503 ed.
2279 3447 2554 3502 Dudoesne
2601 3446 2641 3500 Ι
2678 3454 2803 3510 255,·
2860 3446 3157 3500 Mommsen
3202 3461 3258 3513 p.
3305 3449 3432 3516 117).
3480 3477 3545 3486 -

1702 3692 2025 3760 Ecclesia
2070 3707 2128 3758 s.
2160 3688 2502 3760 Severini.

873 3851 1230 3917 Ecclesiam
1275 3853 1467 3937 hanc,
1532 3852 1773 3918 iamdiu
1818 3872 2139 3934 eversam,
2194 3849 2536 3915 Duchesne
2582 3846 2723 3913 Lib.
2771 3846 2996 3932 pontif.
3043 3846 3078 3909 I
3124 3849 3249 3911 326
3295 3852 3425 3911 not.
3465 3851 3540 3910 14

662 3955 937 4021 collocat
980 3958 1046 4020 in
1090 3977 1246 4042 agro
1291 3958 1458 4022 inter
1501 3956 1902 4021 Tiburtinam
1955 3954 2180 4020 urbem
2228 3962 2297 4018 et
2339 3952 2781 4028 Vicovarium3
2838 3950 3260 4015 Crocchiante
3315 3971 3377 4034 p.
3414 3953 3536 4016 265

662 4068 883 4125 contra
935 4060 1370 4125 affirmaverat
1424 4062 1561 4125 eius
1628 4060 1841 4125 locum
1895 4059 2158 4125 minime
2214 4059 2589 4143 recognosci
2633 4076 2842 4140 posse.
2934 4054 3238 4120 Ceterum
3293 4053 3375 4119 de
3421 4054 3542 4119 hac

662 4183 918 4248 quoque
950 4164 1224 4228 ecclesia
1252 4166 1493 4230 mentio
1539 4185 1665 4230 una
1694 4164 1971 4229 habetur
2014 4165 2081 4227 in
2109 4161 2307 4227 Libro
2339 4159 2689 4246 pontificali
2733 4158 2845 4243 (cf.
2880 4157 3242 4225 Sebastiani
3273 4180 3335 4243 p.
3372 4157 3543 4243 371).

662 4336 742 4400 *1
1593 4379 1602 4395 .
3133 4331 3431 4395 625—38

659 4440 1053 4506 Honorius
1097 4442 1132 4505 I
1193 4441 1384 4526 „fecit
1443 4443 1717 4507 ecclesia
1773 4440 1965 4507 beato
2013 4439 2322 4506 Severino
2375 4460 2414 4504 a
2468 4439 2606 4504 solo
2662 4439 2843 4501 iuxta
2886 4333 3143 4501 civitati
3191 4333 3543 4519 Tiburti)na,

662 4543 937 4609 miliario
982 4544 1064 4610 ab
1110 4543 1267 4610 urbe
1311 4543 1523 4610 Roma
1567 4544 1718 4629 XX,
1767 4567 1960 4631 quem
2005 4545 2145 4629 ipse
2193 4543 2515 4608 dedicavit
2558 4547 2625 4607 et
2669 4541 2837 4605 dona
2882 4540 3085 4605 multa
3130 4538 3421 4624 optulit“.

869 4656 1050 4712 Lami.
1105 4656 1169 4710 in
1214 4655 1338 4711 Vita
1391 4656 1627 4711 Honora
1663 4656 1703 4710 1
1749 4656 1894 4724 (ω.
1921 4656 2124 4726 pontif.
2174 4653 2255 4709 ea.
2299 4652 2583 4709 umbem
2620 4652 2664 4706 Ι
2689 4660 2817 4716 324;
2871 4652 3167 4706 anmsen
3210 4651 3439 4724 2172).
3479 4680 3547 4690 -

666 4742 791 4813 Ray.
828 4743 945 4799 JE.
990 4772 1074 4798 -.

1749 4897 2012 4967 Civitas
2058 4896 2463 4965 Tiburtina.

665 4994 704 5051 1
2567 4984 2888 5049 Laterano
2932 4983 3134 5064 (1139
3178 4978 3364 5062 april.
3389 4981 3462 5064 3)

665 5089 1086 5155 Praesidente
1149 5089 1612 5156 Innocentio
1660 5090 1728 5154 II
1801 5091 1864 5154 in
1921 5090 2192 5154 concilio
2238 5088 2658 5153 Lateranensi
2724 5088 2786 5150 in
2846 5085 3119 5151 ecclesia
3178 5084 3546 5167 Salvatoris,

664 5195 802 5259 Azo
859 5192 1059 5259 abbas
1112 5215 1284 5259 mon.
1347 5217 1396 5259 s.
1431 5194 1619 5260 Pauli
1680 5194 1762 5259 de
1807 5193 1983 5260 Urbe
2042 5195 2507 5280 querimoniam
2561 5193 2716 5257 facit
2769 5198 2990 5257 contra
3054 5190 3420 5254 Tiburtinos
3465 5188 3547 5253 de
