4055 6069
692 479 813 543 162
1402 515 1408 519 ‚
2006 470 2246 531 Latium.

686 652 726 712 1
2651 649 2916 730 Siponto
2960 650 3186 734 (1177)
3233 651 3364 715 ian.
3395 653 3483 715 21

683 750 1145 818 Alexander
1188 751 1293 817 ΠΙ
1357 751 1578 818 abbati
1637 758 1703 820 et
1756 753 2032 817 clericis:
2098 752 2432 818 'confirmat
2485 773 2598 836 ea,
2664 773 2850 838 quae*
2881 751 2963 816 N.
3007 752 3371 819 Verulanus
3416 755 3570 819 civis

687 857 780 921 eis
824 857 890 919 in
946 861 1332 921 testamento
1388 877 1503 920 suo
1558 854 1818 939 legavit.
1866 897 1950 907 —
2012 855 2205 921 Iustis
2257 857 2615 941 petentium
2668 855 3020 922 desideriis,
3121 856 3272 922 Dat.
3320 856 3566 941 Sipont.

692 963 767 1026 12
798 959 930 1025 kal.
979 957 1109 1025 feb.

890 1073 960 1126 A.
999 1103 1066 1110 -
1104 1071 1216 1127 Εα.
1256 1072 1396 1128 θὸτι.
1435 1071 1639 1127 Nachr.
1679 1078 1811 1128 1900
1841 1087 1893 1139 p.
1920 1076 2023 1127 333
2057 1087 2112 1124 n.
2137 1076 2205 1126 20
2240 1086 2307 1128 a
2340 1073 2409 1125 A.
2447 1101 2516 1113 -
2553 1072 2677 1142 1209.
2702 1072 2809 1128 JL.
2847 1105 2927 1127 -.
2976 1116 2980 1121 ,

1733 1347 2003 1416 Domus
2048 1348 2530 1432 leprosorum.

1528 1468 1842 1526 Ecclesia
1887 1489 1929 1525 s.
1963 1469 2223 1525 Mariae
2259 1469 2724 1541 Magdalenae.

898 1609 1343 1675 Alexandrum
1388 1609 1495 1673 III
1555 1631 1612 1673 a.
1663 1615 1827 1675 1170
1890 1594 2230 1678 ecclesiam
2282 1610 2454 1694 apud
2497 1608 2776 1676 Verulas
2833 1631 2916 1676 ex
2975 1632 3092 1677 sua
3132 1612 3407 1695 pecunia
3450 1632 3567 1695 pro

687 1715 1146 1800 elephantiosis
1201 1713 1581 1800 fabricasse,
1649 1720 1867 1779 narrat
1911 1719 2135 1778 auctor
2192 1734 2548 1798 anonymus
2601 1713 2841 1779 Chron.
2886 1714 3131 1781 Fossae
3183 1735 3393 1780 novae
3438 1712 3570 1799 (ed.

685 1819 998 1884 Muratori
1042 1817 1175 1883 Ser.
1207 1817 1341 1881 VH
1388 1817 1542 1903 874)
1597 1819 1731 1883 sive
1786 1819 1957 1882 Ann.
2004 1817 2274 1883 Ceccan.
2332 1816 2463 1903 (ed.
2511 1818 2684 1883 Mon.
2732 1817 2957 1883 Germ.
3005 1816 3137 1883 Scr.
3183 1818 3349 1882 XIX
3394 1818 3569 1898 286).

684 1923 874 1988 Unde
921 1922 1178 1988 traditio
1224 1922 1553 2007 popularis
1596 1923 1912 2007 manavit,
1958 1922 2329 2007 pontificem
2375 1923 2585 2007 ipsum
2629 1921 2813 2006 lepra
2856 1928 3300 2007 aegrotantem
3346 1942 3569 1986 sanum

685 2028 925 2091 factum
992 2048 1134 2092 esse
1202 2048 1287 2092 ex
1340 2047 1509 2112 aqua
1565 2026 1857 2111 salutari,
1920 2047 2087 2112 quae
2155 2032 2254 2092 est
2319 2024 2492 2110 apud
2547 2025 2885 2092 ecclesiam
2943 2048 2992 2091 s.
3024 2024 3161 2091 Viti
3220 2027 3331 2111 (cf.
3388 2024 3564 2090 Gott.

683 2128 919 2195 Nachr.
975 2133 1136 2196 1900
1182 2152 1245 2215 p.
1289 2134 1412 2196 330
1474 2131 1559 2196 ad
1602 2153 1664 2196 n.
1712 2130 1838 2216 18).
1945 2130 2192 2195 Domus
2249 2138 2315 2197 et
2371 2130 2670 2215 cappella
2737 2137 2994 2196 erectae
3052 2130 3231 2196 fuere
3298 2131 3364 2194 in
3421 2128 3566 2193 loco

684 2232 765 2298 ab
826 2232 1060 2298 abbate
1133 2255 1183 2297 s.
1228 2231 1481 2298 Erasmi
1548 2255 1880 2318 concesso,
1946 2235 2087 2320 qui,
2158 2255 2546 2320 quamquam
2607 2234 3045 2299 nosocomium
3111 2256 3151 2299 a
3215 2234 3417 2298 Lucio
3462 2233 3569 2297 ΠΙ

684 2335 881 2400 solius
923 2336 1201 2402 Romani
1253 2337 1571 2422 pontificis
1627 2336 2048 2402 iurisdictioni
2094 2336 2449 2401 subiectum
2507 2337 2628 2401 fuit
2673 2336 2760 2422 (n.
2796 2339 2883 2421 3),
2930 2339 3067 2401 iura
3113 2337 3432 2423 quaedam
3497 2344 3570 2400 ut

684 2442 974 2525 superior
1040 2443 1317 2506 retinuit.
1429 2440 1726 2527 Denique
1794 2462 1851 2506 a.
1906 2444 2069 2506 1423
2134 2439 2471 2525 hospitalis
2523 2440 2750 2504 domus
2804 2447 2873 2504 et
2925 2440 3196 2505 ecclesia
3240 2463 3289 2504 s.
3323 2441 3566 2505 Mariae

685 2544 1112 2630 Magdalenae
1177 2565 1322 2609 cum
1389 2546 1519 2609 suis
1573 2546 1976 2630 pertinentiis
2045 2566 2083 2608 a
2139 2545 2415 2610 Martino
2448 2544 2508 2608 V
2577 2543 2889 2609 ecclesiae
2948 2566 2996 2609 s.
3038 2543 3287 2608 Erasmi
3349 2546 3566 2608 unitae

685 2654 831 2712 sunt
874 2634 983 2733 (cf.
1030 2648 1328 2734 Oaperna
1370 2671 1432 2734 p.
1473 2648 1598 2735 18).

899 2837 1335 2922 Documenta,
1404 2858 1572 2924 quae
1638 2837 1721 2902 ad
1775 2837 1940 2903 hanc
1993 2835 2255 2902 domum
2311 2816 2711 2922 leprosorum
2757 2844 3079 2922 spectant,
3126 2840 3191 2903 in
3235 2861 3283 2904 s.
3315 2838 3565 2918 Erasmi

685 2940 942 3006 archivo
988 2940 1427 3006 custodiuntur
1471 2939 1558 3026 (v.
1591 2962 1782 3034 supra
1827 2962 1888 3025 p.
1928 2940 2097 3026 161).

686 3115 768 3179 *1
2750 3116 2952 3199 (1170
2994 3119 3478 3200 mara—sept.)

683 3219 1131 3285 Alexander
1175 3218 1280 3284 III
1325 3225 1657 3283 consecrat
1702 3218 2041 3284 ecclesiam
2087 3218 2164 3305 (s.
2194 3219 2438 3284 Mariae
2482 3219 2941 3305 Magdalenae)
2992 3241 3194 3304 prope
3240 3221 3563 3287 civitatem

683 3322 1080 3389 Verulanum
1128 3344 1168 3388 a
1214 3344 1355 3389 sese
1401 3323 1829 3408 aedificatam,
1874 3325 1942 3387 in
1986 3345 2114 3409 qua
2160 3322 2348 3388 offert
2390 3324 2593 3388 multa
2638 3324 2825 3388 dona.

891 3433 1073 3489 Laud.
1097 3433 1162 3487 in
1196 3451 1250 3489 n.
1275 3441 1322 3489 2.
1347 3440 1381 3490 3
1404 3439 1454 3489 et
1477 3435 1538 3488 in
1563 3432 1758 3490 Clu-on.
1789 3434 1993 3490 Fossae
2012 3451 2181 3491 novae
2201 3435 2307 3490 sive
2332 3435 2480 3490 Arm.
2509 3433 2726 3490 Geccan.
2749 3437 2818 3502 (v.
2842 3435 3055 3505 supra).
3095 3464 3158 3476 -—
3185 3435 3315 3507 Req.
3343 3434 3455 3491 JL.
3481 3467 3563 3492 —.

681 3591 727 3652 2
2035 3613 2040 3614 ’
2721 3593 2984 3676 Amym‘
3028 3596 3198 3657 1176
3240 3593 3360 3674 feb.
3393 3598 3474 3656 14

679 3693 1135 3760 Alexander
1178 3695 1283 3759 ΠΙ
1327 3696 1611 3781 infirmis,
1659 3699 1768 3782 qui
1795 3697 2055 3763 Verulis
2085 3703 2559 3761 commorantur
2600 3703 2748 3761 etc.:
2799 3696 3060 3761 domum
3106 3703 3172 3761 et
3202 3696 3563 3782 cappellam

681 3821 722 3864 a
752 3820 893 3864 sese
941 3797 1304 3863 dedicatam
1334 3801 1427 3883 (n.
1462 3802 1532 3883 1)
1576 3799 1693 3865 sub
1724 3807 1928 3886 apost.
1974 3802 2373 3886 protectione
2406 3801 2689 3885 suscipit,
2737 3800 3070 3865 confirmat
3114 3800 3324 3864 locum
3354 3802 3563 3886 ipsum

681 3901 764 3967 ab
810 3901 1044 3967 abbate
1100 3925 1150 3966 s.
1190 3902 1444 3968 Erasmi
1502 3904 1617 3968 sub
1664 3926 1873 3971 annuo
1921 3925 2117 3970 censu
2145 3908 2183 3968 2
2214 3902 2520 3969 librarum
2565 3924 2752 3969 cerae
2798 3904 2882 3969 ad
2928 3925 3112 3968 suum
3138 3906 3563 3971 interventum

682 4025 1077 4089 concessum,
1124 4013 1361 4072 terram
1392 4006 1474 4072 de
1505 4007 1720 4073 Murat
1764 4013 1830 4073 et
1875 4011 1912 4071 2
1943 4009 2184 4092 vineas,
2230 4006 2493 4072 roborat
2537 4007 2708 4092 quod
2753 4008 2918 4072 inter
2963 4028 3074 4072 eos
3122 4013 3187 4072 et
3229 4031 3278 4072 s.
3312 4007 3562 4074 Erasmi

683 4108 986 4175 abbatem
1033 4131 1108 4176 ac
1154 4111 1420 4177 clericos
1465 4119 1771 4178 statutum
1818 4120 1941 4179 est.
1968 4153 2051 4162 —
2081 4112 2213 4178 Eos
2245 4133 2404 4197 quos
2435 4112 2766 4177 Dominus.
2837 4111 2979 4198 Ego
3027 4113 3402 4179 Alexander
3441 4121 3561 4179 etc.

684 4212 935 4277 Subscr.
1002 4218 1076 4278 15
1124 4213 1294 4280 card.
1385 4215 1535 4281 Dat.
1589 4217 1928 4303 Anagniae
1974 4238 2038 4301 p.
2084 4238 2171 4281 m.
2239 4216 2531 4281 Gratiani
2585 4215 2648 4280 S.
2697 4216 2777 4280 R.
2826 4215 2900 4279 E.
2963 4215 3246 4281 subdiac.
3298 4223 3364 4281 et
3405 4224 3560 4301 not.,

688 4321 764 4381 16
795 4315 925 4381 kal.
973 4319 1205 4402 martii,
1255 4319 1383 4383 ind.
1418 4323 1477 4402 9,
1522 4321 1643 4384 inc.
1692 4318 1755 4384 d.
1802 4342 1858 4386 a.
1898 4323 2085 4404 1175,
2134 4327 2308 4406 pont.
2357 4341 2413 4383 v,
2463 4319 2524 4384 d.
2570 4318 2928 4384 Alexandri
2974 4342 3083 4405 pp.
3130 4319 3236 4383 ΙΠ
3281 4342 3338 4385 a.
3379 4324 3474 4384 17.

890 4428 946 4481 Β
979 4445 1031 4482 α.
1057 4435 1178 4484 1315
1211 4435 1307 4484 oct.
1332 4436 1411 4484 23.
1448 4459 1515 4469 —-
1552 4429 1664 4487 Ed.
1703 4429 1848 4486 θὸτι.
1886 4430 2090 4486 Nachr.
2128 4439 2263 4486 1900
2289 4448 2349 4499 p.
2374 4437 2474 4486 330
2507 4446 2562 4484 n.
2595 4437 2652 4485 18
2688 4446 2757 4484 ex
2792 4429 2856 4484 B.
2894 4460 2960 4470 —
3001 4431 3129 4499 Ray.
3168 4430 3282 4486 JL.
3324 4461 3406 4484 —.

947 4608 968 4663 l
1059 4523 1345 4579 Laudatur
1390 4527 1447 4580 et
1491 4524 1688 4580 iisdem
1732 4525 1847 4580 fere
1904 4524 2087 4582 verbis
2135 4524 2414 4595 repetitur
2462 4525 2534 4579 ab
2573 4522 2898 4606 Innocentio
2933 4524 3017 4579 111
3060 4523 3118 4578 in
3156 4525 3316 4580 bulla
3351 4543 3402 4579 a.
3431 4525 3564 4579 1215

886 4608 943 4663 iu
970 4648 983 4663 .
1010 4610 1059 4664 6.

679 4699 722 4759 3
2651 4696 2858 4763 Veroli
2899 4699 3130 4781 (1184)
3173 4696 3361 4779 april.
3397 4700 3479 4760 13

678 4799 968 4884 qucius
1024 4801 1129 4866 ΠΙ
1193 4802 1463 4886 leprosis
1531 4804 1712 4867 iuxta
1766 4801 2043 4867 Verulas
2109 4801 2682 4867 commorantibus:
2751 4802 3090 4867 ecclesiam
3158 4823 3380 4867 eorum
3437 4801 3563 4865 'sub

682 4911 887 4989 apost.
934 4907 1334 4989 protectione
1392 4907 1686 4991 suscipit,
1745 4913 2063 4990 statuens,
2129 4913 2201 4970 ut
2252 4905 2407 4970 nulli
2459 4907 2581 4971 nisi
2635 4906 2931 4971 Romano
2989 4905 3273 4990 pontifici
3328 4905 3567 4970 debeat

681 5008 943 5074 subesse
991 5017 1103 5075 aut
1148 5010 1364 5096 aliqua
1409 5010 1803 5076 subiectione
1849 5013 2111 5076 astricta
2156 5012 2380 5075 teneri.
2425 5050 2509 5058 -—
2543 5011 2797 5084 Quanto
2845 5010 3053 5074 acrius
3095 5001 3341 5074 manus.
3410 5008 3559 5074 Dat.

680 5112 901 5178 Verul.
949 5113 1034 5177 id.
1083 5114 1265 5198 april.

887 5226 954 5281 Α.
993 5256 1058 5264 -
1094 5224 1202 5280 Ed.
1244 5225 1386 5281 6613.
1423 5225 1627 5281 Nachr.
1667 5233 1800 5281 1900
1824 5242 1884 5293 1³·
1908 5231 2007 5280 339
2040 5241 2095 5280 n.
2120 5233 2184 5279 25
2218 5242 2286 5279 ex
2319 5228 2388 5280 A.
2430 5256 2492 5267 -
2531 5225 2663 5296 Ray.
2701 5223 2810 5279 JL.
2851 5256 2934 5281 —.
