4055 6069
1370 506 1586 564 Civitas
1623 505 2119 565 Centumcellensis
2156 537 2219 548 —
2257 505 2513 563 Corneto
3255 512 3379 577 203

498 683 575 746 *4
1608 744 1613 749 ,
2931 686 3286 748 1177-81“

499 790 731 854 Petrus
775 788 1072 853 Latronis
1119 793 1185 853 et
1228 786 1418 852 Oddo
1466 788 1664 853 frater
1720 789 1884 871 eius,
1939 796 2210 874 nepotes
2255 788 2436 854 Petri
2481 789 2779 855 Latronis
2824 684 2930 866 (ης
2951 792 3044 871 3),
3100 696 3384 853 refutant

499 891 946 957 Alexandro
993 892 1098 955 III
1144 891 1486 957 Civitatem
1533 901 1839 958 veterem.

704 1002 888 1060 Laud.
926 1009 990 1058 ut
1022 1020 1194 1072 supra
1226 1021 1282 1058 n.
1306 1010 1355 1059 3.
1393 1035 1458 1045 -
1497 1004 1621 1074 Req.
1658 1004 1776 1060 JL.
1813 1034 1896 1059 —-.

878 1099 947 1155 cf.
984 1098 1176 1168 Roma,
1211 1098 1360 1155 Gens
1396 1096 1551 1154 Petri
1587 1096 1843 1152 Latronis
1878 1097 2007 1167 (vol.
2035 1098 2058 1151 1
2097 1115 2150 1167 p.
2182 1098 2283 1154 190
2299 1102 2421 1168 sq.).

1791 1338 2123 1409 Corneto.

1562 1461 1582 1532 (
1593 1460 1907 1518 Cornetum.
1963 1460 2301 1533 Corgnetum
2313 1464 2333 1532 )

707 1583 990 1655 Ughelli
1031 1587 1049 1618 ¹
1088 1585 1110 1638 1
1166 1584 1299 1641 1050
1321 1603 1427 1653 sq.;
1484 1587 1506 1619 ²
1543 1584 1570 1639 I
1603 1582 1708 1639 983
1733 1601 1814 1652 sq.
1869 1583 1963 1636 X*
2006 1583 2124 1637 770.
2181 1615 2248 1623 -
2311 1582 2643 1639 Casimiro
2696 1583 2862 1640 Mem.
2908 1583 3058 1639 istor.
3106 1583 3197 1641 dei
3251 1583 3388 1640 frati

501 1670 703 1725 Minori
745 1674 760 1705 ¹
798 1689 855 1741 p.
884 1672 983 1726 115
1001 1689 1111 1740 sq.;
1161 1674 1182 1705 ²
1219 1689 1274 1742 p.
1305 1672 1401 1726 168
1425 1688 1505 1740 sq.
1550 1703 1617 1711 —-
1663 1669 1824 1726 Giov.
1862 1669 1983 1724 Lor.
2022 1668 2216 1725 Berti
2266 1669 2426 1724 Delle
2473 1669 2650 1740 glorie
2686 1670 2839 1725 della
2874 1670 3018 1726 citta
3054 1670 3113 1725 di
3150 1670 3388 1727 Corneto

500 1742 699 1814 (Roma
736 1758 907 1826 1745).
947 1787 1011 1797 -
1049 1756 1486 1829 Cappelletti
1524 1757 1573 1811 V
1599 1757 1700 1813 649
1721 1775 1800 1825 sq.
1840 1785 1905 1796 ·-
1943 1756 2204 1811 Moroni
2239 1754 2560 1811 Dizionario
2584 1756 2744 1812 XVII
2775 1758 2871 1811 147
2890 1775 2972 1826 sq.
3010 1789 3076 1796 —
3113 1758 3260 1814 G.13.
3295 1759 3388 1815 De

504 1843 698 1899 Rossi
735 1844 795 1899 in
828 1842 1141 1899 Bullettino
1176 1842 1236 1897 di
1273 1842 1515 1899 archeol.
1553 1842 1704 1898 crist.
1741 1841 1851 1897 Ser.
1881 1842 1935 1896 11
1960 1859 2011 1897 a.
2041 1840 2108 1896 V.
2134 1841 2211 1896 VI
2250 1842 2430 1909 (1874.
2463 1843 2550 1911 75)
2586 1843 2650 1897 81
2682 1861 2762 1912 sq.
2800 1844 2968 1913 85⁸q.
3006 1875 3073 1884 —
3113 1844 3388 1899 L.Dasti

501 1929 725 1987 Notizie
761 1928 1005 1986 storiche
1040 1928 1465 2000 archeologiche
1501 1928 1559 1983 di
1598 1927 1906 1998 Tarquinia
1942 1946 1972 1984 e
2009 1928 2249 1985 Corneto
2286 1928 2485 1995 (Roma
2514 1929 2686 1997 1878).
2733 1960 2797 1970 —-
2835 1930 2939 1985 Th.
2964 1929 3237 1985 Wnsten
3250 1930 3388 1986 feld

501 2016 780 2089 Regesten
823 2016 922 2073 der
954 2015 1322 2087 wicbtigeren
1361 2014 1663 2071 Urkunden
1705 2034 1803 2069 zur
1845 2014 2184 2071 Geschichte
2231 2031 2337 2070 von
2383 2013 2624 2072 Corneto
2670 2033 2795 2071 vom
2846 2016 2896 2069 X
2943 2016 3030 2072 bis
3073 2012 3207 2070 XIV
3229 2016 3390 2072 Jahr-

502 2103 745 2159 hundert
790 2120 881 2174 ap.
919 2102 1456 2174 Pflugk·1·1arttung
1502 2102 1617 2158 Iter
1664 2119 1719 2172 p.
1754 2101 1857 2157 529
1885 2118 1966 2170 sq.
2020 2131 2088 2141 —
2143 2101 2202 2157 F.
2239 2100 2484 2157 Guerri
2532 2102 2850 2174 Registrum
2902 2102 3038 2159 cleri
3089 2102 3390 2160 Cornetani

503 2190 761 2256 (Corneto
776 2219 791 2230 ·
807 2189 1115 2260 Tarquinia
1152 2192 1285 2248 1906
1304 2194 1426 2261 sq.).

720 2330 1095 2415 Cornetum,
1159 2353 1286 2395 non
1330 2332 1523 2416 longe
1580 2352 1619 2394 a
1676 2329 1841 2413 loco,
1899 2327 2010 2394 ubi
2068 2331 2295 2415 priscis
2354 2332 2749 2416 temporibus
2802 2333 3015 2399 stabat
3059 2332 3387 2418 Tarquinii

506 2433 675 2516 urbs,
721 2434 873 2498 olim
918 2434 1108 2499 sedes
1153 2434 1537 2520 episcopalis
1583 2433 1693 2519 (cf.
1729 2432 2073 2499 Duchesne
2119 2435 2186 2497 in
2222 2433 2418 2499 Arch.
2454 2434 2625 2500 della
2656 2436 2799 2501 Soc.
2831 2437 3020 2502 Rom.
3052 2436 3181 2501 XV
3213 2435 3388 2521 486),

505 2537 863 2604 subiectum
916 2538 1038 2603 fuit
1089 2540 1392 2624 episcopo
1440 2537 1863 2622 Tuscanensi‚
1926 2543 1999 2602 ut
2042 2543 2225 2621 patet
2269 2559 2353 2602 ex
2397 2537 2634 2604 Albino
2682 2547 2748 2606 et
2792 2541 3059 2623 (leucio,
3118 2539 3229 2605 ubi
3274 2539 3390 2603 ad-

506 2649 807 2707 notantur
849 2643 1011 2708 haec
1056 2641 1187 2727 (ed.
1234 2640 1827 2709 Fabre-Duchesne
1873 2642 1906 2705 I
1954 2647 2067 2719 563
2113 2642 2182 2733 II
2233 2642 2416 2729 110):

814 2763 1144 2849 „Ecclesia
1189 2766 1391 2830 sancti
1423 2764 1727 2829 Iohannis
1773 2763 1854 2829 de
1900 2763 2119 2829 Insula
2161 2765 2342 2829 iuxta
2373 2764 2723 2831 Cornetum
2754 2767 2815 2832 V
2846 2766 3088 2832 solidos
3117 2764 3405 2855 [Lucem.

723 2866 973 2954 sium]“.
1042 2910 1045 2913 π
2277 2932 2280 2935 .

812 2968 1163 3059 „OEcclesia
1220 2972 1424 3037 sancti
1483 2970 1782 3036 Nicholai
1842 2968 1923 3036 de
1978 2969 2305 3057 Oorgneto
2352 2972 2386 3036 I
2441 2971 2908 3039 marabotinum
2964 2980 3031 3040 et
3075 2975 3145 3039 H
3198 2974 3392 3041 libras

721 3074 1050 3164 piperis]“.

508 3194 638 3261 Sed
682 3195 1020 3283 privilegia
1065 3197 1147 3263 de
1192 3197 1292 3262 his
1338 3197 1625 3262 ecclesiis
1669 3195 1753 3261 ad
1798 3218 1916 3261 nos
1958 3196 2222 3263 minime
2266 3204 2714 3283 pervenerunt.

722 3300 901 3365 Inter
970 3300 1274 3366 ecclesias
1339 3301 1643 3366 territorii
1697 3301 2044 3366 Cometani
2100 3301 2544 3387 antiquissima
2609 3309 2709 3367 est
2774 3302 2939 3367 cella
3005 3326 3055 3368 s.
3100 3304 3393 3369 Mariae

509 3402 598 3469 de
656 3402 1004 3470 Minione
1061 3404 1171 3491 (cf.
1218 3403 1529 3471 Mabillon
1586 3406 1753 3468 Ann.
1814 3403 1949 3468 ord.
2006 3427 2054 3469 s.
2095 3404 2341 3470 Bened.
2409 3405 2436 3445 ²
2480 3404 2579 3469 IV
2645 3404 2828 3489 118),
2883 3407 3062 3471 cuius
3120 3408 3394 3492 primam

507 3508 802 3572 notitiam
844 3510 912 3573 in
953 3509 1267 3574 Ludovici
1311 3509 1380 3572 H
1436 3512 1589 3594 imp.
1636 3509 1972 3594 privilegio
2034 3530 2092 3573 a.
2128 3512 2249 3574 857
2308 3511 2699 3574 monasterio
2745 3508 3042 3575 Farfensi
3088 3531 3392 3578 concesso

509 3610 957 3694 (Miihlbacher
1000 3613 1165 3699 Reg.
1212 3613 1367 3678 Kar.
1406 3614 1431 3653 ¹
1461 3633 1520 3677 n.
1562 3616 1755 3689 1180;
1806 3611 1834 3652 ²
1864 3634 1925 3676 n.
1965 3611 2159 3698 1214)
2207 3612 2583 3696 invenimus,
2630 3634 3021 3700 quamquam
3052 3613 3396 3681 Farfenses

509 3715 806 3780 monachi
869 3715 1366 3801 contenderunt,
1430 3736 1575 3781 eam
1637 3716 1768 3780 iam
1827 3737 1867 3780 a
1911 3714 2146 3780 Carolo
2192 3715 2283 3779 M.
2334 3717 2486 3800 imp.
2544 3736 2663 3800 per
2717 3723 3136 3801 praeceptum
3196 3720 3396 3803 ipsius

509 3817 706 3883 fuisse
774 3839 1143 3884 concessam
1201 3817 1347 3904 (sed
1416 3826 1514 3884 est
1574 3818 1792 3884 Caroli
1846 3819 1952 3883 ΠΙ
2002 3819 2442 3904 privilegium,
2497 3819 2756 3904 insuper
2808 3823 3126 3908 spurium,
3180 3822 3392 3887 Miihl-

512 3922 750 4010 bacher
806 3922 972 4007 Reg.
1019 3923 1174 3988 Kar.
1231 3925 1253 3963 ¹
1299 3945 1360 3987 n.
1400 3926 1593 4000 156&
1661 3922 1689 3963 ²
1734 3945 1795 3987 n.
1846 3927 2043 3998 1611;
2099 3922 2178 3987 cf.
2235 3944 2491 4008 quoque
2546 3925 2805 3988 notitias
2849 3946 2889 3989 a
2933 3925 3008 3989 P.
3039 3926 3283 3992 Fedele
3328 3927 3392 3990 in

508 4026 707 4092 Arch.
754 4026 927 4091 della
973 4026 1113 4092 Soc.
1159 4027 1348 4092 Rom.
1390 4027 1558 4091 XXI
1603 4031 1726 4093 476
1761 4049 1855 4112 sq.
1913 4025 1993 4093 de
2053 4047 2123 4091 re
2182 4026 2533 4112 collectas).
2625 4027 2808 4093 Sacc.
2849 4027 2916 4092 X
2967 4029 3046 4093 lis
3102 4038 3242 4095 orta
3297 4036 3397 4095 est

511 4132 592 4198 de
636 4131 760 4195 hac
804 4132 970 4197 cella
1014 4132 1180 4198 inter
1222 4131 1573 4196 monachos
1616 4131 1961 4197 Farfenses
2023 4137 2092 4196 et
2135 4131 2485 4195 monachos
2547 4153 2626 4196 ss.
2660 4132 2939 4198 Cosmae
2986 4139 3053 4199 et
3094 4134 3395 4199 Damiani

509 4236 574 4299 in
604 4236 773 4301 Mica
816 4256 1014 4301 aurea
1059 4234 1139 4301 de
1172 4235 1370 4319 Urbe,
1417 4241 1488 4299 ut
1530 4235 1717 4320 plura
1764 4234 1844 4300 de
1890 4256 1960 4300 re
1993 4234 2379 4301 documenta
2409 4235 2869 4320 demonstrant,
2917 4258 3082 4323 quae
3129 4238 3394 4324 collegi-

509 4355 650 4402 mus
703 4337 821 4402 sub
867 4339 1041 4404 Mon.
1094 4339 1497 4412 ss.,Cosmae
1558 4347 1625 4405 et
1667 4339 1968 4404 Damiani
2026 4341 2089 4403 in
2144 4339 2314 4404 Mica
2368 4361 2566 4404 aurea
2618 4338 2772 4426 (vol.
2814 4340 2848 4404 I
2892 4363 2954 4427 p.
3011 4346 3131 4407 129
3157 4340 3282 4427 sq.)
3330 4347 3396 4407 et

511 4441 628 4507 sub
672 4442 871 4507 Farfa
924 4442 1076 4528 (vol.
1109 4442 1179 4507 II
1225 4466 1286 4528 p.
1322 4448 1400 4507 57
1427 4441 1573 4529 sq.)‚
1620 4450 1815 4528 atque
1859 4442 2007 4508 ideo
2054 4442 2177 4507 hoc
2222 4444 2365 4508 loco
2413 4445 2783 4508 omittimus.
2846 4530 2850 4536 .

727 4545 877 4610 Alia
945 4546 1219 4611 ecclesia
1282 4569 1330 4609 s.
1369 4546 1784 4634 Fortunati
1847 4545 1927 4611 de
1997 4546 2278 4612 Corneto
2341 4547 2752 4613 confirmatur
2810 4547 3109 4613 Rolando
3178 4545 3396 4611 abbati

512 4671 559 4714 s.
610 4649 963 4716 Salvatoris
1030 4650 1111 4717 de
1169 4653 1389 4717 Monte
1449 4654 1710 4718 Amiata
1777 4653 1841 4715 in
1898 4652 2207 4735 rescripto
2263 4651 2572 4717 Celestini
2617 4650 2723 4716 ΠΙ
2784 4674 2841 4716 a.
2890 4656 3049 4717 1196
3111 4651 3259 4716 mai.
3312 4653 3394 4715 23

510 4753 629 4818 JL.
683 4758 909 4821 17389.

724 4856 802 4921 In
854 4859 994 4943 ipso
1050 4865 1259 4924 castro
1308 4859 1569 4925 Corneti
1614 4860 1888 4925 ecclesia
1932 4881 1982 4924 s.
2013 4859 2259 4925 Mariae
2308 4859 2388 4924 de
2434 4859 2719 4924 Castello
2775 4859 2912 4923 sola
2956 4857 3164 4943 plebis
3209 4858 3395 4923 titulo

515 4968 582 5026 et
624 4962 936 5028 ecclesiae
969 4962 1371 5048 baptismalis
1401 4971 1625 5029 ornata
1655 4964 1776 5028 fuit
1820 4963 1928 5048 (cf.
1961 4963 2232 5028 Honorii
2264 4964 2371 5027 ΠΙ
2400 4963 2775 5028 mandatum
2807 4983 2864 5026 a.
2903 4965 3059 5027 1221
3095 4964 3278 5047 april.
3318 4967 3393 5028 13

512 5066 826 5130 Pressutti
889 5067 1053 5153 Reg.
1116 5067 1389 5132 Honorii
1432 5068 1536 5132 III
1595 5074 1636 5132 t.
1683 5068 1717 5131 I
1764 5071 1887 5131 529
1943 5089 2003 5132 n.
2047 5066 2265 5153 3240).
2373 5066 2504 5132 Sed
2570 5088 2629 5131 a.
2691 5069 2850 5130 1436
2905 5065 3231 5151 Eugenius
3275 5067 3393 5150 IV,

515 5176 748 5234 terram
804 5170 1066 5236 Corneti
1119 5193 1158 5235 a
1202 5170 1590 5237 Viterbiensi
1651 5178 1717 5236 61
1761 5171 2152 5236 Tuscanensi
2212 5170 2491 5236 dioecesi
2538 5171 2826 5236 eximens
2883 5176 3076 5254 atque
3131 5171 3195 5233 in
3240 5172 3394 5234 civi·

515 5279 714 5338 tatem
762 5276 1049 5362 erigena,
1114 5278 1452 5342 ecclesiam
1506 5298 1553 5341 s.
1601 5276 1845 5341 Mariae
1907 5282 1973 5341 et
2014 5276 2406 5362 Margaritae
2462 5275 2528 5338 in
2580 5271 3020 5338 cathedralem
3075 5276 3284 5340 erexit
3328 5282 3397 5340 et
