4055 6069
1589 1337 2278 1457 PORTO

1756 1534 2114 1620 (Portus)

695 1842 982 1915 Ughelli
1023 1843 1088 1898 ¹1
1130 1844 1352 1913 129sq.;
1393 1843 1466 1898 ²1
1506 1844 1605 1899 110
1629 1862 1712 1913 sq.
1750 1875 1816 1884 —
1855 1842 2110 1898 Piazza
2145 1841 2449 1898 Gen-archia
2485 1842 2633 1898 card.
2659 1843 2906 1913 p.53sq.
2943 1874 3009 1883 —
3047 1843 3380 1900 casimiro

489 1930 756 1987 Memoris
815 1929 1077 1986 istoriche
1138 1930 1284 1985 delle
1348 1929 1534 1985 chiese
1588 1948 1619 1985 e
1674 1930 1937 1986 conventi
1995 1929 2088 1984 dei
2142 1927 2277 1984 frati
2331 1928 2533 1983 Minori
2583 1928 2733 1984 della
2786 1928 3077 1999 provincia
3132 1931 3382 1986 Romana

496 2021 511 2051 ¹
546 2035 600 2087 p.
635 2017 740 2071 272
771 2034 875 2085 sq.;
917 2018 939 2050 ¹
962 2034 1018 2087 p.
1044 2015 1147 2071 380
1169 2034 1252 2085 sq.
1289 2044 1355 2055 —
1396 2014 1582 2070 Const.
1622 2014 1927 2085 Ruggeri
1961 2014 2043 2069 De
2080 2013 2377 2069 Portuensi
2412 2033 2453 2069 s.
2480 2014 2780 2086 Hippolyti
2818 2035 2904 2087 ep.
2942 2020 3001 2072 et
3035 2021 3198 2073 mart.
3235 2019 3380 2074 sede.

489 2103 825 2159 Dissertatio
861 2103 1161 2174 posthuma
1196 2103 1270 2158 ab
1307 2102 1532 2157 Achille
1569 2101 1815 2157 Ruschio
1865 2100 2130 2156 absoluta
2167 2100 2396 2169 (Romae
2434 2102 2608 2170 1771).
2644 2133 2711 2143 —
2748 2104 2811 2159 A.
2849 2102 3076 2173 Nibby
3113 2103 3381 2161 Bicerche

490 2190 642 2246 della
677 2189 788 2245 Via
822 2189 1127 2245 Portuense
1181 2207 1212 2245 e
1266 2190 1419 2246 della
1469 2189 1663 2245 antica
1707 2189 1853 2245 citta
1889 2187 1947 2243 di
1986 2189 2155 2243 Porto
2191 2187 2389 2257 (Roma
2426 2188 2599 2258 1827).
2654 2221 2720 2229 —
2775 2189 2838 2244 A.
2883 2189 3113 2258 Nibby
3168 2191 3383 2245 Analisi

493 2278 594 2331 ²11
629 2277 830 2346 eozsq.
867 2306 935 2316 —
970 2276 1035 2331 A.
1062 2276 1285 2347 Coppi
1321 2276 1380 2331 in
1416 2275 1646 2332 Dissert.
1682 2276 1812 2331 dell'
1851 2275 2056 2330 Accad.
2085 2275 2241 2330 Rom.
2277 2274 2335 2330 di
2359 2274 2719 2346 archeologia
2743 2275 2876 2331 VIII
2902 2277 3080 2347 (1838)
3115 2277 3184 2332 33
3209 2296 3290 2345 sq.
3316 2307 3380 2318 -

490 2363 751 2419 Mor-oni
787 2362 1104 2419 Dizionario
1128 2363 1253 2418 LIV
1280 2364 1384 2419 202
1400 2382 1481 2433 sq.
1506 2395 1574 2405 —
1601 2362 2044 2434 Cappelletti
2081 2362 2232 2417 1493
2256 2380 2336 2431 sq.
2358 2391 2422 2402 -
2449 2364 2514 2418 G.
2540 2361 2603 2417 B.
2630 2362 2711 2417 De
2748 2363 2942 2418 Rossi
2981 2363 3004 2418 1
3039 2364 3383 2421 monumenti

498 2450 751 2504 cristiani
786 2449 844 2504 di
883 2449 1050 2504 Porto
1087 2450 1173 2504 in:
1216 2450 1450 2505 Bullett.
1507 2449 1563 2504 di
1600 2449 1840 2505 archeol.
1879 2449 2030 2504 crist.
2067 2447 2178 2503 Ser.
2208 2449 2230 2501 I
2268 2466 2318 2504 a.
2344 2448 2422 2502 IV
2461 2449 2639 2516 (1866)
2673 2451 2740 2504 37
2765 2467 2847 2519 sq.
2900 2479 2964 2490 -
3022 2449 3086 2504 G.
3113 2450 3383 2505 Tomas·

497 2535 664 2592 setti
717 2536 773 2590 in
819 2537 983 2592 Arch.
1030 2536 1181 2592 della
1228 2537 1349 2592 Soc.
1396 2536 1553 2591 Rom.
1591 2536 1778 2590 XXIII
1828 2536 2005 2605 (1900)
2056 2535 2156 2591 143
2179 2553 2285 2605 sq„
2334 2535 2432 2590 ubi
2476 2535 2640 2605 plura
2686 2535 2753 2591 de
2790 2537 3142 2603 auctoribus,
3179 2538 3277 2606 qui
3313 2538 3382 2592 de

497 2623 670 2677 Portu
705 2623 955 2678 Romano
990 2623 1345 2693 scripserunt.

1457 2950 1931 3036 Episcopatus
1975 2950 2428 3019 Portuensis.

711 3128 1085 3193 Portuensis
1116 3128 1428 3193 ecclesiae
1461 3130 1768 3213 episcopi,
1804 3150 2074 3214 quorum
2107 3130 2348 3212 primus
2380 3151 2427 3193 s,
2460 3128 2855 3211 Hippolytus
2885 3127 3080 3193 fuisse
3113 3128 3385 3194 traditur

499 3231 608 3318 (cf.
641 3232 892 3297 Dessau
936 3235 1000 3296 in
1039 3232 1111 3297 O.
1143 3232 1196 3296 I.
1229 3233 1305 3297 L.
1353 3232 1517 3297 XIV
1563 3237 1598 3297 7
1632 3232 1778 3317 sq.)‚
1825 3231 2174 3296 secundum
2220 3237 2367 3315 post
2408 3230 2771 3296 Ostiensem
2817 3233 2984 3296 inter
3027 3232 3383 3297 cardinales

496 3338 835 3420 episcopos
881 3337 1092 3401 locum
1154 3335 1583 3401 obtinuerunt.
1659 3337 1901 3401 Eorum
1958 3336 2187 3401 ditioni
2240 3342 2502 3420 praeter
2554 3334 2821 3401 Portum
2877 3336 3164 3401 subiecta
3222 3359 3381 3422 quo-

497 3461 620 3525 que
688 3441 808 3505 fuit
875 3440 1357 3505 Transtiberina
1424 3442 1646 3506 civitas
1712 3462 1840 3505 una
1905 3461 2051 3505 cum
2109 3439 2316 3505 insula
2373 3441 2733 3525 Lycaonia,
2801 3439 2911 3503 ubi
2978 3442 3043 3504 in
3111 3441 3384 3506 ecclesia

497 3566 544 3608 s.
586 3543 891 3608 Iohannis
944 3545 1255 3629 palatium
1308 3543 1684 3609 Portuensis
1738 3546 2026 3629 episcopi
2080 3545 2227 3628 fuit,
2284 3552 2355 3608 ut
2405 3544 2682 3631 legimus
2734 3546 2800 3608 in
2854 3544 3165 3610 ecclesiae
3219 3544 3381 3609 Por—

496 3650 737 3712 tuensis
781 3648 1134 3734 privilegiis
1193 3655 1260 3713 et
1311 3649 1485 3733 apud
1529 3649 1834 3714 cencium
1890 3647 2020 3733 (ed.
2071 3647 2682 3714 Fabre-Duchesne
2728 3648 2763 3712 I
2812 3647 2946 3734 10):
2998 3648 3382 3734 „Sciendum

496 3750 667 3836 quod
715 3754 1053 3836 episcopus
1098 3750 1476 3817 Portuensis
1522 3751 1717 3816 debet
1762 3751 2001 3816 habere
2048 3754 2115 3817 in
2162 3752 2265 3816 die
2311 3752 2500 3816 lunae
2554 3757 2702 3835 post
2755 3752 2993 3835 pascha
3047 3774 3165 3836 par
3218 3754 3382 3818 ciro-

495 3854 853 3940 thecatum,
914 3876 1057 3920 cum
1113 3854 1342 3940 quibus
1398 3861 1613 3919 cantet
1666 3857 1956 3938 missam,
2020 3862 2086 3919 et
2144 3855 2355 3919 nullus
2408 3856 2570 3920 alius
2624 3857 2689 3920 in
2748 3855 3209 3921 Transtiberim
3262 3858 3382 3920 nisi

497 3980 780 4024 summus
825 3959 1118 4043 pontifex
1165 3979 1538 4023 consecrare
1595 3959 1901 4024 ecclesias
1946 3966 2058 4023 aut
2088 3958 2532 4024 benedicere.“
2612 3959 2901 4035 Oalixtus
2930 3960 3001 4024 II
3045 3962 3382 4026 ecclesiam

497 4060 709 4127 Silvae
766 4062 1126 4146 candidae,
1183 4065 1425 4127 cunctis
1478 4064 1703 4127 incolis
1763 4062 2169 4148 destitutam,
2224 4070 2492 4147 propter
2542 4066 2849 4148 temporis
2895 4065 3272 4149 qualitatem
3319 4071 3385 4128 et

495 4167 887 4231 vicinitatem
954 4166 1241 4231 locorum
1300 4166 1645 4232 Portuensi
1712 4167 2025 4231 ecclesiae
2081 4169 2285 4231 univit
2341 4165 2429 4249 (n.
2471 4166 2598 4253 14),
2654 4169 2746 4232 ita
2803 4176 2874 4232 ut
2928 4170 3065 4233 eius
3129 4168 3383 4252 praesul

496 4268 726 4335 deinde
773 4270 1209 4355 appellaretur
1257 4270 1676 4356 „Portuensis
1723 4277 1789 4335 et
1834 4293 1881 4335 s.
1913 4271 2189 4335 Rufinae
2237 4271 2640 4355 episcopus“.

706 4393 1065 4459 Ecclesiam
1119 4393 1557 4459 cathedralem
1603 4418 1651 4459 s.
1693 4393 2035 4478 Hippolyti
2082 4415 2121 4458 a
2165 4394 2386 4459 Leone
2416 4393 2520 4456 III
2574 4393 2757 4458 donis
2810 4398 3065 4457 auctam
3119 4393 3186 4455 in
3246 4392 3382 4454 eius

493 4497 645 4562 Vita
690 4498 962 4584 legimus
1008 4497 1179 4583 (Lib.
1219 4498 1445 4582 pontif.
1488 4497 1589 4562 ed.
1624 4497 1968 4562 Duchesne
1999 4497 2070 4560 H
2106 4496 2229 4582 12).
2308 4498 2459 4562 Alia
2514 4496 2574 4560 b.
2606 4496 2949 4580 Nymphae
2996 4495 3270 4559 ecclesia
3315 4501 3382 4558 et

492 4600 620 4664 alia
649 4600 711 4666 b.
741 4601 987 4666 Mariae
1021 4602 1293 4667 ecclesia
1323 4603 1388 4665 in
1418 4603 1677 4666 civitate
1709 4599 2052 4666 Portuensi
2082 4602 2148 4665 in
2177 4601 2332 4665 Vita
2361 4601 2600 4665 Leonis
2628 4599 2726 4663 IV
2756 4598 2824 4682 (l.
2860 4619 2912 4663 c.
2945 4598 3015 4661 H
3051 4602 3190 4663 113.
3235 4598 3380 4682 122)

492 4712 944 4770 memorantur.
1020 4705 1480 4770 Monasterium
1526 4706 1586 4770 b.
1619 4707 1949 4770 Laurentii
1994 4707 2276 4790 positmn
2320 4706 2386 4768 in
2432 4702 2637 4768 insula
2664 4702 2899 4767 Portus
2930 4702 3207 4766 Romani
3251 4702 3380 4764 iam

494 4808 888 4893 temporibus
918 4809 1234 4874 Hadriani
1264 4810 1297 4873 I
1343 4811 1677 4875 invenitur.
1756 4809 2111 4874 Praeterea
2153 4808 2627 4873 xenodochium
2672 4809 2737 4870 in
2768 4807 3063 4871 Romano
3094 4803 3296 4869 Portu
3342 4825 3381 4867 a

492 4913 909 4977 Pammachio
956 4921 1387 4978 constructum
1434 4935 1574 4978 esse
1620 4913 1703 4978 ad
1750 4934 1861 4978 eos
1908 4912 2345 4997 excipiendos,
2393 4913 2500 4997 qui
2547 4911 2628 4976 ad
2674 4910 2896 4974 limina
2941 4907 3379 4992 apostolorum

491 5016 1074 5100 proficiscerentur,
1139 5017 1198 5081 b.
1260 5017 1696 5102 Hieronymus
1761 5025 1978 5082 narrat
2058 5017 2213 5101 (Ep.
2261 5017 2391 5102 66).
2488 5017 2835 5081 Basilicam
2909 5035 2989 5077 se.
3045 5010 3378 5093 Eutropi0‚

490 5121 787 5186 Bonosae
842 5127 909 5186 et
952 5123 1248 5187 Zosimae
1304 5121 1689 5206 dedicatam,
1736 5144 1774 5187 a
1819 5122 2076 5186 Donato
2127 5143 2226 5205 ep.
2259 5120 2587 5204 Por-tuen„
2635 5124 2972 5204 praeterea
3028 5117 3279 5200 ignoto,
3341 5135 3380 5177 a

594 5257 763 5312 Kehr,
789 5257 919 5302 ltalia
942 5257 1171 5313 pontificia
1196 5262 1258 5301 11.
3035 5235 3068 5288 2
