4055 6069
894 502 1042 558 Mon.
1077 521 1120 558 s.
1146 501 1358 559 Mariae
1394 502 1452 558 in
1487 503 1834 559 Hierusalem
1872 534 1937 544 -
1974 502 2122 559 Mon.
2159 521 2201 560 s.
2226 504 2438 561 Mariae
2475 504 2544 560 de
2580 502 3018 574 Cryptaferrata.
3314 510 3388 571 41

1669 762 2240 832 Grottaferrata.

1127 884 1641 952 monasterinm
1687 900 1745 951 s.
1781 884 2046 951 marlae
2092 884 2178 950 de
2226 883 2790 970 Cryptaferrata.

721 1023 945 1079 Lubin
983 1041 1036 1094 p.
1066 1024 1181 1080 115.
1224 1052 1289 1063 —
1340 1022 1592 1079 Piazza
1627 1022 1933 1078 Gerarchia
1967 1023 2116 1078 card.
2152 1042 2205 1095 p.
2234 1025 2335 1080 279
2354 1042 2433 1093 sq.
2489 1054 2552 1064 —
2603 1024 2667 1079 G.
2696 1023 3104 1079 Sciommari
3142 1025 3289 1081 Note
3326 1026 3396 1080 ed

515 1109 887 1167 osservazioni
923 1110 1189 1167 istoriche
1237 1110 1515 1180 spettanti
1564 1111 1660 1164 all'
1706 1109 1926 1180 insigne
1975 1110 2147 1166 badia
2192 1109 2249 1165 di
2295 1110 2706 1165 Grottaferrata
2754 1109 2824 1165 ed
2866 1110 2982 1165 alla
3031 1110 3150 1167 vita
3195 1113 3300 1167 che
3345 1111 3394 1166 si

513 1216 759 1270 prepone
795 1198 853 1252 di
901 1197 952 1253 S.
981 1197 1333 1253 Bartolomeo
1371 1197 1449 1251 IV
1502 1197 1711 1253 abbate
1760 1197 1845 1264 (In
1880 1197 2057 1252 Roma
2097 1197 2269 1267 1728).
2321 1227 2388 1237 —
2444 1200 2509 1253 G.
2546 1196 2960 1252 Piacentini
3011 1199 3093 1255 De
3142 1199 3397 1269 sepulcro

514 1285 809 1341 Benedicti
845 1285 927 1339 IX
961 1286 1021 1340 P.
1048 1284 1121 1339 M.
1173 1283 1231 1338 in
1269 1285 1483 1354 templo
1519 1283 1844 1341 monasterii
1882 1284 2369 1354 Cryptaeferratae
2415 1283 2636 1340 detecto
2673 1283 2921 1340 diatriba
2957 1284 3186 1353 (Romae
3226 1285 3397 1353 1740).

513 1372 705 1440 —.(G
742 1371 1069 1427 Serianni
1116 1389 1147 1427 e
1182 1370 1246 1426 G.
1277 1370 1647 1437 Quinzani)
1699 1371 1828 1426 Ana
1862 1370 2087 1427 Santita
2122 1370 2181 1426 di
2217 1370 2285 1425 N.
2310 1370 2362 1425 S.
2390 1370 2697 1426 Benedetto
2731 1371 2864 1425 xlv
2903 1374 2991 1427 tra
3028 1371 3307 1426 l'abbazia
3341 1370 3400 1425 di

515 1459 928 1515 Grottafermta
964 1476 995 1514 e
1032 1459 1090 1513 la
1126 1457 1315 1514 chiesa
1341 1457 1619 1513 vescovile
1657 1457 1711 1512 di
1738 1458 1991 1513 Frascati
2032 1458 2119 1525 (In
2147 1458 2327 1513 Roma
2353 1458 2502 1512 1746.
2540 1458 2841 1528 Exemplar
2865 1460 3051 1513 exstat
3085 1456 3143 1511 in
3167 1456 3398 1512 archivo

512 1544 813 1612 Vatican0,
849 1545 1042 1600 Fondo
1076 1544 1383 1609 Basiliani;
1436 1543 1503 1599 cf.
1549 1542 1779 1599 Batiffol
1816 1543 1851 1597 l.
1878 1562 1924 1599 c.
1963 1549 2021 1600 et
2057 1543 2352 1599 Benedicti
2385 1544 2519 1598 XIV
2563 1544 2780 1598 bullam
2825 1561 2874 1599 a.
2903 1546 3035 1599 1747
3073 1542 3236 1613 april.
3262 1544 3294 1598 5
3340 1543 3397 1598 in

513 1632 764 1687 Bullario
801 1630 1092 1687 Benedicti
1113 1630 1246 1685 XIV
1274 1633 1296 1665 ⁴
1320 1634 1362 1685 t.
1389 1630 1437 1684 11
1476 1630 1575 1686 125
1600 1631 1774 1685 const.
1800 1629 2079 1699 XXXIII).
2105 1659 2171 1669 —
2196 1630 2254 1684 P.
2280 1628 2342 1684 P.
2367 1629 2509 1685 Rod
2526 1634 2596 1685 ot
2612 1634 2647 1685 a
2683 1629 2824 1684 Dell'
2850 1629 3081 1702 origine,
3106 1646 3399 1701 progresso

512 1736 542 1774 e
578 1722 729 1774 stato
767 1720 1025 1788 presente
1062 1716 1152 1771 del
1188 1716 1298 1771 rito
1334 1733 1501 1787 greco
1537 1715 1597 1770 in
1633 1716 1804 1771 Italia
1838 1716 1892 1770 11
1940 1716 2025 1779 (In
2062 1715 2240 1771 Roma
2279 1717 2435 1783 1760)
2475 1716 2574 1772 183
2592 1735 2673 1785 sq.
2726 1747 2793 1755 -
2845 1717 3157 1773 Marocco
3208 1717 3397 1771 Monu-

511 1804 687 1861 menti
723 1804 830 1858 V11
868 1804 935 1857 74
954 1821 1033 1872 sq.
1080 1834 1150 1842 —
1186 1803 1419 1873 Nibby
1455 1802 1671 1857 Analisi
1710 1806 1731 1836 ²
1756 1802 1810 1857 11
1849 1802 1948 1857 132
1967 1820 2048 1872 sq.
2093 1832 2160 1841 —
2197 1802 2457 1857 Moroni
2491 1802 2807 1858 Dizionario
2843 1803 3083 1858 XXXIII
3117 1805 3187 1858 44
3211 1822 3291 1873 sq.
3329 1836 3398 1845 —

512 1892 568 1946 O.
593 1890 944 1947 Mencacci
982 1887 1155 1945 Cenni
1191 1888 1383 1944 storici
1417 1888 1569 1945 della
1600 1888 1771 1944 badia
1808 1887 1865 1943 di
1903 1888 1955 1943 S.
1983 1888 2162 1942 Maria
2199 1888 2255 1943 di
2280 1888 2693 1944 Grottaferrata
2734 1888 2931 1954 (1875).
2959 1921 3024 1929 -
3049 1890 3112 1943 Α.
3143 1889 3397 1945 Rocchi

513 1978 595 2033 La
629 1977 800 2034 badia
836 1975 893 2032 di
932 1976 985 2031 S.
1011 1975 1191 2031 Maria
1225 1975 1283 2030 di
1322 1975 1732 2031 Grottaferrata
1776 1974 2015 2044 ¹(Roma
2055 1974 2233 2039 1884);
2275 1980 2296 2009 ²
2320 1974 2518 2044 (Roma
2557 1977 2730 2039 1904).
2781 2006 2847 2015 -
2885 1975 2949 2030 G.
2976 1975 3397 2032 Tomassetti

512 2064 569 2119 in
609 2064 773 2120 Arch.
812 2064 962 2120 della
996 2063 1115 2118 Soc.
1153 2062 1308 2117 Rom.
1333 2062 1466 2117 VlII
1502 2062 1681 2130 (1885)
1729 2062 1831 2117 478
1856 2080 1937 2131 sq.
1971 2062 2077 2117 482
2101 2080 2180 2130 sq.
2234 2065 2293 2117 et
2327 2060 2386 2115 in
2429 2060 2592 2116 Studi
2640 2079 2671 2117 e
2707 2060 3025 2117 documenti
3061 2062 3121 2117 di
3156 2062 3331 2117 storia
3367 2080 3395 2117 e

511 2150 709 2206 diritto
745 2150 851 2204 VII
889 2150 1092 2217 (1886);
1130 2148 1265 2202 VIII
1303 2148 1496 2216 (1887).
1536 2178 1599 2188 -
1651 2149 1709 2202 Ρ.
1738 2146 2032 2203 Batiffol
2069 2147 2466 2218 Ungedruckte
2503 2149 2713 2218 Papst·
2762 2148 2875 2203 und
2909 2147 3393 2205 Kaiserurkunden

514 2255 614 2292 aus
650 2235 1090 2291 Basilianischen
1143 2233 1421 2289 Archiven
1458 2233 1540 2289 in:
1585 2234 1740 2289 Rom.
1787 2233 2222 2296 Quartalschrift
2268 2234 2320 2288 11
2366 2234 2542 2301 (1888)
2588 2235 2656 2289 36
2689 2253 2768 2304 sq.
2823 2266 2890 2275 —
2926 2237 2987 2289 A.
3029 2234 3278 2291 Bocchi
3315 2235 3395 2290 De

515 2322 780 2379 coenobio
807 2321 1312 2392 Cryptoferratensi
1349 2321 1578 2390 eiusque
1616 2321 1962 2376 bibliotheca
1997 2325 2057 2377 et
2093 2320 2378 2376 codicibus
2402 2321 2729 2391 praesertim
2767 2323 2984 2393 graecis
3012 2322 3398 2378 commentarii

511 2409 760 2478 (Tusculi
802 2409 973 2477 1893).
1014 2439 1077 2449 —-
1127 2411 1188 2462 Α.
1214 2407 1539 2463 Palmieri
1575 2408 1856 2477 L'abbaye
1895 2408 1962 2463 de
2007 2406 2422 2463 Grottaferrata
2467 2411 2526 2462 et
2559 2426 2658 2463 son
2696 2408 2809 2461 IX0
2847 2408 3162 2464 centenaire
3199 2409 3395 2475 (Petri-

512 2496 676 2567 burgi
713 2497 886 2562 1904).
912 2525 978 2535 -
1006 2495 1207 2552 Attilio
1246 2494 1435 2550 Rossi
1472 2495 1519 2548 11
1557 2494 1789 2550 cenobio
1827 2493 2101 2549 basiliano
2139 2492 2195 2547 di
2220 2493 2633 2550 Grottaferrata
2667 2494 2751 2550 in:
2796 2495 3017 2550 Rivista
3040 2494 3265 2550 d’Italia
3290 2496 3395 2550 VII

513 2582 691 2652 (1904)
732 2584 790 2637 11
820 2599 901 2650 sq.

728 2721 1344 2806 Cryptoferratensis
1383 2721 1754 2784 monasterii
1800 2741 1883 2784 ex
1929 2719 2150 2784 ordine
2198 2719 2503 2803 &Basilii
2549 2742 2597 2784 s.
2631 2721 2815 2784 Nilus
2860 2720 3059 2786 abbas
3105 2722 3396 2787 conditor

513 2827 649 2890 fuit.
743 2826 868 2900 Qui
917 2847 1000 2889 ex
1044 2825 1463 2890 Mercuriensi
1517 2824 1688 2888 haud
1733 2823 1955 2908 procul
2009 2846 2049 2888 a
2093 2824 2384 2889 Rossano
2432 2824 2740 2889 coenobio
2786 2832 3050 2910 propter
3094 2826 3394 2910 frequen-

513 2932 707 2996 tiores
754 2929 1218 2994 Saracenorum
1265 2929 1656 2993 incursiones
1698 2930 1949 2993 circiter
1993 2950 2051 2993 a.
2087 2934 2210 2994 980
2257 2929 2533 3013 primum
2579 2931 2643 2992 in
2673 2929 3113 3014 Campaniam,
3161 2929 3394 2996 deinde

512 3039 574 3100 in
619 3037 877 3100 Latium
940 3034 1215 3120 aufugit,
1285 3033 1395 3099 ubi
1461 3055 1663 3118 prope
1721 3032 2147 3097 Tusculanam
2203 3034 2528 3098 civitatem
2579 3034 2679 3118 „in
2726 3056 2881 3121 agro
2925 3033 3284 3117 Romano“,
3329 3034 3396 3098 in

511 3140 708 3205 fundo
737 3138 1037 3224 quodam,
1063 3161 1102 3203 a
1126 3138 1439 3224 Gregorio
1467 3139 1698 3203 comite
1725 3137 2106 3222 Tusculan0‚
2138 3143 2320 3222 patre
2344 3138 2682 3203 Benedicti
2695 3138 2881 3223 VIII,
2913 3139 3396 3204 IohannisXIX

513 3253 579 3310 et
621 3244 910 3308 Alberici
954 3242 1132 3307 ducis
1171 3241 1630 3326 Romanorum,
1676 3243 1798 3326 ipsi
1831 3240 2069 3326 oblat0‚
2116 3243 2533 3307 clarissimum
2579 3265 2627 3306 s.
2659 3243 2904 3308 Mariae
2937 3242 3394 3307 monachorum

513 3370 892 3435 graecorum
957 3347 1416 3412 monasterium
1483 3368 1540 3411 a.
1587 3349 1748 3410 1004
1816 3347 2107 3410 instituit.
2219 3345 2364 3410 Hoc
2431 3347 2551 3411 fuit
2612 3353 2858 3412 rectum
2918 3346 2999 3412 ab
3055 3346 3394 3412 abbatibus

513 3454 762 3539 graecis
815 3473 1016 3537 usque
1063 3451 1145 3515 ad
1200 3473 1257 3515 a.
1313 3455 1496 3534 1462,
1545 3449 1799 3535 quando
1846 3449 2105 3514 iubente
2150 3449 2270 3514 Pio
2313 3449 2380 3512 II
2426 3449 2794 3515 Bessarioni
2839 3451 3256 3516 celeberrimo
3302 3451 3394 3514 illi

515 3556 823 3621 cardinali
879 3557 944 3619 in
1002 3552 1448 3618 commendam
1504 3554 1721 3635 datur,
1780 3556 1881 3617 cui
1934 3556 2238 3618 successit
2291 3553 2575 3618 Iulianus
2630 3554 2801 3619 card.
2857 3554 2937 3619 de
3000 3555 3064 3619 la
3118 3555 3393 3634 Rovere,

514 3660 746 3725 deinde
778 3682 950 3745 papa
981 3658 1096 3723 sub
1128 3659 1383 3723 nomine
1416 3658 1563 3722 Iulii
1594 3657 1682 3740 Π,
1717 3660 1826 3742 qui
1857 3656 2181 3722 abbatiam
2214 3658 2478 3722 castello
2520 3660 2788 3722 munivit
2818 3680 3091 3744 eamque
3125 3657 3395 3723 Iohanni

516 3764 685 3828 card.
736 3762 1025 3828 Colonna
1071 3764 1136 3826 in
1181 3761 1627 3826 commendam
1676 3761 1870 3826 dedit.
1960 3762 2042 3825 A.
2097 3764 2258 3827 1626
2306 3763 2597 3826 transivit
2639 3762 2722 3827 ad
2765 3762 3176 3827 Franciscum
3222 3762 3394 3826 card.

513 3868 870 3934 Barberini.
968 3868 1246 3932 Ultimus
1305 3866 1724 3930 cardinalium
1788 3864 2476 3931 commendatariorum
2535 3866 2656 3931 fuit
2704 3866 3021 3932 Hercules
3074 3866 3394 3948 Consalvi,

515 3994 640 4057 quo
686 3977 959 4055 mortuo,
1004 3972 1142 4036 Leo
1188 3970 1322 4035 XII
1369 3969 1817 4034 commendam
1863 3971 2215 4054 suppressit
2269 3969 2722 4056 abbatiamque
2769 3972 2834 4034 in
2877 3972 3212 4055 pristinum
3258 3971 3394 4034 fere

514 4082 748 4140 statum
807 4076 1154 4139 renovavit.
1275 4074 1498 4138 Floret
1549 4075 2005 4138 monasterium
2059 4075 2291 4154 nostris
2337 4096 2592 4159 quoque
2662 4074 2886 4139 diebus
2953 4075 3069 4140 sub
3134 4076 3394 4159 proprio

514 4180 767 4260 abbate,
813 4180 1048 4243 nullius
1094 4178 1425 4262 dioecesis,
1473 4183 1540 4242 et
1584 4177 1975 4262 apostolicae
2020 4177 2159 4243 sedi
2202 4177 2576 4244 immediate
2622 4178 2997 4244 subiectum.

688 4336 925 4420 Magna
990 4356 1140 4419 pars
1207 4333 1448 4399 archivi
1500 4333 1774 4398 Romam
1830 4336 1895 4397 in
1963 4334 2160 4399 aedes
2225 4333 2747 4420 Barberinianas‚
2812 4335 3153 4400 Francisco
3222 4333 3391 4398 card.

514 4442 764 4506 seniore
812 4437 1045 4504 abbate
1093 4438 1682 4522 commendatari0‚
1744 4437 2050 4502 translata
2103 4438 2224 4503 fuit
2278 4437 2386 4523 (cf.
2434 4437 2678 4502 Bocchi
2737 4439 3094 4504 Comment.
3149 4462 3212 4524 p.
3247 4441 3391 4503 244.

515 4549 637 4609 300
683 4549 814 4608 not.
850 4542 945 4627 3).
1009 4541 1118 4606 ubi
1170 4542 1477 4607 remansit
1527 4562 1730 4626 usque
1788 4540 1871 4604 ad
1925 4563 1981 4605 a.
2038 4544 2231 4624 1903,
2287 4541 2542 4626 quando
2605 4543 2853 4606 transiit
2906 4543 2971 4606 in
3009 4542 3392 4606 Vaticanam

513 4647 990 4713 bibliothecam.
1083 4648 1265 4722 Quae
1311 4648 1378 4710 in
1421 4647 1810 4711 monasterio
1857 4653 2318 4728 remanserunt,
2366 4648 2514 4730 igne
2561 4653 2938 4731 consumpta
2982 4652 3145 4710 sunt.
3221 4646 3390 4728 Alia,

514 4772 679 4835 quae
711 4750 1128 4815 servabantur
1172 4752 1238 4814 in
1283 4749 1541 4814 archivo
1573 4750 1863 4834 generali
1908 4750 2044 4813 ord.
2078 4772 2127 4812 s.
2162 4750 2385 4814 Basilii
2417 4751 2687 4833 Romae,
2736 4749 3184 4835 disparuerunt
3225 4756 3390 4815 tem-

512 4853 775 4938 poribus
818 4852 1214 4937 Napoleonis
1260 4854 1311 4915 I.
1414 4850 1712 4937 Denique
1769 4852 2367 4938 Cryptoferratense
2427 4853 2878 4919 documentum
2931 4875 3126 4918 unum
3182 4859 3394 4918 exstat

513 4958 577 5019 in
621 4957 879 5021 archivo
925 4957 1207 5022 familiae
1256 4957 1562 5041 Colonna,
1612 4979 1688 5023 eo
1736 4958 2007 5022 fortasse
2053 4958 2451 5022 reconditum
2497 4957 2580 5022 ab
2625 4959 2841 5043 aliquo
2885 4958 3071 5022 huius
3109 4957 3391 5021 familiae

511 5061 836 5126 cardinale
882 5060 1445 5125 commendatario.

725 5165 827 5229 De
895 5165 1135 5229 archivi
1191 5171 1409 5249 parte,
1471 5187 1636 5249 quae
1702 5186 1868 5229 nunc
1927 5172 2025 5230 est
2093 5167 2157 5228 in
2223 5164 2614 5230 bibliotheca
2657 5165 3009 5248 Vaticana,
3070 5167 3149 5229 cf.
3214 5164 3390 5230 Gott.

512 5268 746 5335 Nachr.
801 5273 956 5334 1901
1006 5292 1069 5354 p.
1113 5273 1272 5346 2443
1333 5274 1494 5335 1903
1541 5292 1603 5354 p.
1639 5272 1782 5334 547.
1840 5307 1921 5318 —
1965 5269 2069 5335 De
2114 5267 2438 5334 codicibus
2483 5268 2913 5335 bibliothecae
2944 5267 3389 5353 Cryptoferra-
