<?xml version="1.0" encoding="UTF-8"?>
<!DOCTYPE html PUBLIC "-//W3C//DTD XHTML 1.0 Transitional//EN"
    "http://www.w3.org/TR/xhtml1/DTD/xhtml1-transitional.dtd">
<html xmlns="http://www.w3.org/1999/xhtml" xml:lang="en" lang="en">
 <head>
  <title>
</title>
<meta http-equiv="Content-Type" content="text/html;charset=utf-8" />
  <meta name='ocr-system' content='tesseract 3.04.00' />
  <meta name='ocr-capabilities' content='ocr_page ocr_carea ocr_par ocr_line ocrx_word'/>
</head>
<body>
  <div class='ocr_page' id='page_1' title='image "./italiapontifici00gtgoog_0145.png"; bbox 0 0 4055 6069; ppageno 0'>
   <div class='ocr_carea' id='block_1_1' title="bbox 753 429 2310 511">
    <p class='ocr_par' dir='ltr' id='par_1_1' title="bbox 753 429 2310 511">
     <span class='ocr_line' id='line_1_1' title="bbox 753 429 2310 511; baseline -0.01 0"><span class='ocrx_word' id='word_1_1' title='bbox 753 451 774 511; x_wconf 84' lang='lat'>1</span> <span class='ocrx_word' id='word_1_2' title='bbox 794 449 870 511; x_wconf 82' lang='grc'>12</span> <span class='ocrx_word' id='word_1_3' title='bbox 2070 429 2310 498; x_wconf 75' lang='lat' dir='ltr'>Latium.</span> 
     </span>
    </p>
   </div>
   <div class='ocr_carea' id='block_1_2' title="bbox 745 615 3626 902">
    <p class='ocr_par' dir='ltr' id='par_1_2' title="bbox 745 615 3626 902">
     <span class='ocr_line' id='line_1_2' title="bbox 745 615 3626 702; baseline -0.001 -18"><span class='ocrx_word' id='word_1_4' title='bbox 745 617 1024 684; x_wconf 85' lang='lat' dir='ltr'>Rolandi</span> <span class='ocrx_word' id='word_1_5' title='bbox 1080 615 1144 681; x_wconf 79' lang='lat' dir='ltr'>S.</span> <span class='ocrx_word' id='word_1_6' title='bbox 1185 615 1265 681; x_wconf 84' lang='lat' dir='ltr'>R.</span> <span class='ocrx_word' id='word_1_7' title='bbox 1309 615 1384 680; x_wconf 86' lang='grc' dir='ltr'>Ε.</span> <span class='ocrx_word' id='word_1_8' title='bbox 1430 615 1641 700; x_wconf 82' lang='lat' dir='ltr'>presb.</span> <span class='ocrx_word' id='word_1_9' title='bbox 1696 616 1867 682; x_wconf 87' lang='lat' dir='ltr'>card.</span> <span class='ocrx_word' id='word_1_10' title='bbox 1927 623 1994 682; x_wconf 86' lang='lat' dir='ltr'>et</span> <span class='ocrx_word' id='word_1_11' title='bbox 2048 638 2253 697; x_wconf 59' lang='lat' dir='ltr'>canc„</span> <span class='ocrx_word' id='word_1_12' title='bbox 2324 624 2361 682; x_wconf 89' lang='lat'>5</span> <span class='ocrx_word' id='word_1_13' title='bbox 2403 617 2488 681; x_wconf 86' lang='lat' dir='ltr'>id.</span> <span class='ocrx_word' id='word_1_14' title='bbox 2537 617 2696 701; x_wconf 61' lang='lat' dir='ltr'>feb„</span> <span class='ocrx_word' id='word_1_15' title='bbox 2764 616 2892 682; x_wconf 86' lang='lat' dir='ltr'>ind.</span> <span class='ocrx_word' id='word_1_16' title='bbox 2942 624 3001 702; x_wconf 88' lang='lat'>5,</span> <span class='ocrx_word' id='word_1_17' title='bbox 3071 619 3190 683; x_wconf 90' lang='lat' dir='ltr'>inc.</span> <span class='ocrx_word' id='word_1_18' title='bbox 3240 617 3300 682; x_wconf 87' lang='lat' dir='ltr'>d.</span> <span class='ocrx_word' id='word_1_19' title='bbox 3350 641 3406 684; x_wconf 88' lang='lat' dir='ltr'>a.</span> <span class='ocrx_word' id='word_1_20' title='bbox 3442 622 3626 700; x_wconf 79' lang='lat'>1156,</span> 
     </span>
     <span class='ocr_line' id='line_1_3' title="bbox 746 719 2303 810; baseline 0 -23"><span class='ocrx_word' id='word_1_21' title='bbox 746 721 945 810; x_wconf 86' lang='lat' dir='ltr'>[pont.</span> <span class='ocrx_word' id='word_1_22' title='bbox 993 742 1051 788; x_wconf 86' lang='lat' dir='ltr'>v.</span> <span class='ocrx_word' id='word_1_23' title='bbox 1100 720 1160 784; x_wconf 87' lang='lat' dir='ltr'>d.</span> <span class='ocrx_word' id='word_1_24' title='bbox 1207 720 1477 784; x_wconf 83' lang='lat' dir='ltr'>Adriani</span> <span class='ocrx_word' id='word_1_25' title='bbox 1523 743 1630 806; x_wconf 89' lang='lat' dir='ltr'>pp.</span> <span class='ocrx_word' id='word_1_26' title='bbox 1677 721 1819 785; x_wconf 90' lang='lat'>1111</span> <span class='ocrx_word' id='word_1_27' title='bbox 1864 743 1921 786; x_wconf 88' lang='lat' dir='ltr'>a.</span> <span class='ocrx_word' id='word_1_28' title='bbox 1956 719 2039 808; x_wconf 91' lang='lat'>3].</span> <span class='ocrx_word' id='word_1_29' title='bbox 2302 742 2303 749; x_wconf 53' lang='lat'>¹</span> 
     </span>
     <span class='ocr_line' id='line_1_4' title="bbox 952 830 2961 902; baseline 0 -15"><span class='ocrx_word' id='word_1_30' title='bbox 952 834 1025 888; x_wconf 87' lang='lat' dir='ltr'>B.</span> <span class='ocrx_word' id='word_1_31' title='bbox 1062 864 1126 872; x_wconf 90' lang='lat'><strong>—</strong></span> <span class='ocrx_word' id='word_1_32' title='bbox 1165 831 1275 888; x_wconf 75' lang='lat' dir='ltr'>Ed.</span> <span class='ocrx_word' id='word_1_33' title='bbox 1314 830 1456 886; x_wconf 68' lang='lat' dir='ltr'><strong><em>Gott.</em></strong></span> <span class='ocrx_word' id='word_1_34' title='bbox 1493 831 1694 886; x_wconf 73' lang='lat' dir='ltr'>Nachr.</span> <span class='ocrx_word' id='word_1_35' title='bbox 1735 840 1862 887; x_wconf 81' lang='lat'><em>1901</em></span> <span class='ocrx_word' id='word_1_36' title='bbox 1888 848 1947 901; x_wconf 78' lang='lat' dir='ltr'>p.</span> <span class='ocrx_word' id='word_1_37' title='bbox 1973 839 2073 887; x_wconf 84' lang='lat'>259</span> <span class='ocrx_word' id='word_1_38' title='bbox 2106 848 2162 886; x_wconf 72' lang='lat' dir='ltr'>n.</span> <span class='ocrx_word' id='word_1_39' title='bbox 2187 840 2219 888; x_wconf 86' lang='grc'><strong><em>5</em></strong></span> <span class='ocrx_word' id='word_1_40' title='bbox 2251 847 2317 886; x_wconf 79' lang='lat' dir='ltr'>ex</span> <span class='ocrx_word' id='word_1_41' title='bbox 2351 833 2416 887; x_wconf 90' lang='lat' dir='ltr'>B.</span> <span class='ocrx_word' id='word_1_42' title='bbox 2454 864 2521 873; x_wconf 93' lang='lat'>—</span> <span class='ocrx_word' id='word_1_43' title='bbox 2562 832 2695 902; x_wconf 75' lang='lat' dir='ltr'>Req.</span> <span class='ocrx_word' id='word_1_44' title='bbox 2732 832 2840 887; x_wconf 86' lang='lat' dir='ltr'>JL.</span> <span class='ocrx_word' id='word_1_45' title='bbox 2881 863 2961 888; x_wconf 89' lang='lat'>-.</span> 
     </span>
    </p>
   </div>
   <div class='ocr_carea' id='block_1_3' title="bbox 742 1007 3625 1613">
    <p class='ocr_par' dir='ltr' id='par_1_3' title="bbox 742 1007 3625 1613">
     <span class='ocr_line' id='line_1_5' title="bbox 742 1007 3544 1091; baseline -0 -19"><span class='ocrx_word' id='word_1_46' title='bbox 742 1012 786 1072; x_wconf 86' lang='lat'><strong><em>3</em></strong></span> <span class='ocrx_word' id='word_1_47' title='bbox 2520 1007 2785 1089; x_wconf 71' lang='lat' dir='ltr'>Anaqni</span> <span class='ocrx_word' id='word_1_48' title='bbox 2828 1007 3230 1091; x_wconf 83' lang='lat'><em>(1173—76)</em></span> <span class='ocrx_word' id='word_1_49' title='bbox 3272 1012 3423 1088; x_wconf 78' lang='lat' dir='ltr'>sept.</span> <span class='ocrx_word' id='word_1_50' title='bbox 3459 1008 3544 1071; x_wconf 85' lang='lat'>17</span> 
     </span>
     <span class='ocr_line' id='line_1_6' title="bbox 743 1109 3625 1199; baseline -0.001 -21"><span class='ocrx_word' id='word_1_51' title='bbox 743 1112 1200 1178; x_wconf 78' lang='lat' dir='ltr'>Alexander</span> <span class='ocrx_word' id='word_1_52' title='bbox 1244 1112 1347 1175; x_wconf 91' lang='lat'>111</span> <span class='ocrx_word' id='word_1_53' title='bbox 1401 1112 1663 1176; x_wconf 85' lang='lat' dir='ltr'>Aimoni</span> <span class='ocrx_word' id='word_1_54' title='bbox 1717 1109 1976 1199; x_wconf 81' lang='lat' dir='ltr'>[abbati]</span> <span class='ocrx_word' id='word_1_55' title='bbox 2041 1118 2107 1178; x_wconf 81' lang='lat' dir='ltr'>et</span> <span class='ocrx_word' id='word_1_56' title='bbox 2162 1114 2472 1179; x_wconf 84' lang='lat' dir='ltr'>universis</span> <span class='ocrx_word' id='word_1_57' title='bbox 2526 1111 2853 1177; x_wconf 84' lang='lat' dir='ltr'>fratribus:</span> <span class='ocrx_word' id='word_1_58' title='bbox 2918 1113 3093 1177; x_wconf 89' lang='lat' dir='ltr'>nulla</span> <span class='ocrx_word' id='word_1_59' title='bbox 3149 1113 3397 1177; x_wconf 86' lang='lat' dir='ltr'>ratione</span> <span class='ocrx_word' id='word_1_60' title='bbox 3458 1113 3625 1195; x_wconf 87' lang='lat' dir='ltr'>sinit,</span> 
     </span>
     <span class='ocr_line' id='line_1_7' title="bbox 745 1215 3624 1301; baseline -0.001 -20"><span class='ocrx_word' id='word_1_61' title='bbox 745 1224 815 1282; x_wconf 86' lang='lat' dir='ltr'>ut</span> <span class='ocrx_word' id='word_1_62' title='bbox 860 1218 1195 1282; x_wconf 79' lang='lat' dir='ltr'>occasione</span> <span class='ocrx_word' id='word_1_63' title='bbox 1243 1216 1669 1281; x_wconf 80' lang='lat' dir='ltr'>concessionis</span> <span class='ocrx_word' id='word_1_64' title='bbox 1714 1237 1868 1281; x_wconf 86' lang='lat' dir='ltr'>suae</span> <span class='ocrx_word' id='word_1_65' title='bbox 1908 1215 2199 1299; x_wconf 82' lang='lat' dir='ltr'>Iohanni,</span> <span class='ocrx_word' id='word_1_66' title='bbox 2246 1217 2442 1281; x_wconf 83' lang='lat' dir='ltr'>Petro</span> <span class='ocrx_word' id='word_1_67' title='bbox 2491 1221 2557 1281; x_wconf 83' lang='lat' dir='ltr'>et</span> <span class='ocrx_word' id='word_1_68' title='bbox 2586 1216 2812 1300; x_wconf 84' lang='lat' dir='ltr'>Leoni,</span> <span class='ocrx_word' id='word_1_69' title='bbox 2857 1215 3002 1280; x_wconf 87' lang='lat' dir='ltr'>filiis</span> <span class='ocrx_word' id='word_1_70' title='bbox 3035 1215 3359 1301; x_wconf 84' lang='lat' dir='ltr'>quondam</span> <span class='ocrx_word' id='word_1_71' title='bbox 3387 1215 3624 1280; x_wconf 80' lang='lat' dir='ltr'>cinthii</span> 
     </span>
     <span class='ocr_line' id='line_1_8' title="bbox 742 1319 3623 1406; baseline -0 -21"><span class='ocrx_word' id='word_1_72' title='bbox 742 1321 1139 1406; x_wconf 83' lang='lat' dir='ltr'>Fraiapanis,</span> <span class='ocrx_word' id='word_1_73' title='bbox 1187 1320 1267 1385; x_wconf 89' lang='lat' dir='ltr'>de</span> <span class='ocrx_word' id='word_1_74' title='bbox 1300 1327 1507 1385; x_wconf 83' lang='lat' dir='ltr'>castro</span> <span class='ocrx_word' id='word_1_75' title='bbox 1541 1319 1838 1385; x_wconf 83' lang='lat' dir='ltr'>Tiberias</span> <span class='ocrx_word' id='word_1_76' title='bbox 1871 1321 2081 1385; x_wconf 82' lang='lat' dir='ltr'>factae</span> <span class='ocrx_word' id='word_1_77' title='bbox 2114 1321 2212 1384; x_wconf 87' lang='lat' dir='ltr'>ius</span> <span class='ocrx_word' id='word_1_78' title='bbox 2239 1320 2611 1386; x_wconf 80' lang='lat' dir='ltr'>monasterii</span> <span class='ocrx_word' id='word_1_79' title='bbox 2641 1320 2954 1404; x_wconf 82' lang='lat' dir='ltr'>depereat</span> <span class='ocrx_word' id='word_1_80' title='bbox 2995 1320 3100 1384; x_wconf 87' lang='lat' dir='ltr'>vel</span> <span class='ocrx_word' id='word_1_81' title='bbox 3130 1341 3323 1404; x_wconf 87' lang='lat' dir='ltr'>super</span> <span class='ocrx_word' id='word_1_82' title='bbox 3353 1320 3623 1385; x_wconf 88' lang='lat' dir='ltr'>ecclesia</span> 
     </span>
     <span class='ocr_line' id='line_1_9' title="bbox 743 1422 3609 1509; baseline -0 -21"><span class='ocrx_word' id='word_1_83' title='bbox 743 1447 791 1489; x_wconf 90' lang='lat' dir='ltr'>s.</span> <span class='ocrx_word' id='word_1_84' title='bbox 823 1423 1180 1490; x_wconf 86' lang='lat' dir='ltr'>Eleutherii</span> <span class='ocrx_word' id='word_1_85' title='bbox 1226 1425 1290 1487; x_wconf 92' lang='lat' dir='ltr'>in</span> <span class='ocrx_word' id='word_1_86' title='bbox 1336 1426 1686 1489; x_wconf 81' lang='lat' dir='ltr'>tenimento</span> <span class='ocrx_word' id='word_1_87' title='bbox 1721 1422 2008 1488; x_wconf 88' lang='lat' dir='ltr'>eiusdem</span> <span class='ocrx_word' id='word_1_88' title='bbox 2057 1424 2247 1489; x_wconf 87' lang='lat' dir='ltr'>castri</span> <span class='ocrx_word' id='word_1_89' title='bbox 2293 1425 2415 1488; x_wconf 87' lang='lat' dir='ltr'>sita</span> <span class='ocrx_word' id='word_1_90' title='bbox 2455 1422 2737 1489; x_wconf 87' lang='lat' dir='ltr'>debeant</span> <span class='ocrx_word' id='word_1_91' title='bbox 2765 1425 3170 1509; x_wconf 78' lang='lat' dir='ltr'>aliquatenus</span> <span class='ocrx_word' id='word_1_92' title='bbox 3200 1424 3507 1488; x_wconf 84' lang='lat' dir='ltr'>infestari.</span> <span class='ocrx_word' id='word_1_93' title='bbox 3540 1462 3609 1469; x_wconf 92' lang='lat'><strong>—</strong></span> 
     </span>
     <span class='ocr_line' id='line_1_10' title="bbox 744 1527 2468 1613; baseline -0.001 -19"><span class='ocrx_word' id='word_1_94' title='bbox 744 1529 904 1594; x_wconf 88' lang='lat' dir='ltr'>Cum</span> <span class='ocrx_word' id='word_1_95' title='bbox 954 1550 1038 1594; x_wconf 88' lang='lat' dir='ltr'>ex</span> <span class='ocrx_word' id='word_1_96' title='bbox 1082 1529 1381 1596; x_wconf 81' lang='lat' dir='ltr'>iniuncto,</span> <span class='ocrx_word' id='word_1_97' title='bbox 1469 1527 1620 1592; x_wconf 84' lang='lat' dir='ltr'>Dat.</span> <span class='ocrx_word' id='word_1_98' title='bbox 1667 1529 2006 1613; x_wconf 85' lang='lat' dir='ltr'>Anagniae</span> <span class='ocrx_word' id='word_1_99' title='bbox 2061 1534 2134 1593; x_wconf 80' lang='lat'>15</span> <span class='ocrx_word' id='word_1_100' title='bbox 2168 1528 2298 1592; x_wconf 85' lang='lat' dir='ltr'>kal.</span> <span class='ocrx_word' id='word_1_101' title='bbox 2347 1535 2468 1593; x_wconf 83' lang='lat' dir='ltr'>oct.</span> 
     </span>
    </p>
   </div>
   <div class='ocr_carea' id='block_1_4' title="bbox 739 1638 3629 2041">
    <p class='ocr_par' dir='ltr' id='par_1_4' title="bbox 739 1638 3629 2041">
     <span class='ocr_line' id='line_1_11' title="bbox 959 1638 3629 1709; baseline -0.001 -15"><span class='ocrx_word' id='word_1_102' title='bbox 959 1639 1183 1694; x_wconf 75' lang='lat' dir='ltr'>Oeneius</span> <span class='ocrx_word' id='word_1_103' title='bbox 1205 1655 1251 1693; x_wconf 86' lang='lat' dir='ltr'>c.</span> <span class='ocrx_word' id='word_1_104' title='bbox 1280 1646 1361 1693; x_wconf 80' lang='lat'>64.</span> <span class='ocrx_word' id='word_1_105' title='bbox 1389 1670 1452 1680; x_wconf 88' lang='lat'>-—</span> <span class='ocrx_word' id='word_1_106' title='bbox 1479 1638 1624 1693; x_wconf 80' lang='lat' dir='ltr'><strong><em>Edd.</em></strong></span> <span class='ocrx_word' id='word_1_107' title='bbox 1649 1640 1884 1693; x_wconf 69' lang='lat' dir='ltr'>Zauera</span> <span class='ocrx_word' id='word_1_108' title='bbox 1907 1639 2071 1693; x_wconf 85' lang='lat' dir='ltr'>Della</span> <span class='ocrx_word' id='word_1_109' title='bbox 2095 1639 2301 1693; x_wconf 64' lang='lat' dir='ltr'>nobili&amp;</span> <span class='ocrx_word' id='word_1_110' title='bbox 2332 1638 2453 1694; x_wconf 78' lang='lat' dir='ltr'><em>dell’</em></span> <span class='ocrx_word' id='word_1_111' title='bbox 2476 1640 2645 1693; x_wconf 75' lang='lat' dir='ltr'>Italia</span> <span class='ocrx_word' id='word_1_112' title='bbox 2673 1639 2740 1694; x_wconf 90' lang='grc' dir='ltr'>ΙΙ</span> <span class='ocrx_word' id='word_1_113' title='bbox 2769 1639 2881 1708; x_wconf 82' lang='lat' dir='ltr'>(De</span> <span class='ocrx_word' id='word_1_114' title='bbox 2905 1640 2961 1693; x_wconf 81' lang='lat' dir='ltr'>la</span> <span class='ocrx_word' id='word_1_115' title='bbox 2981 1639 3231 1709; x_wconf 71' lang='lat' dir='ltr'>famiqlia</span> <span class='ocrx_word' id='word_1_116' title='bbox 3255 1639 3629 1709; x_wconf 74' lang='lat' dir='ltr'>Franyipani)</span> 
     </span>
     <span class='ocr_line' id='line_1_12' title="bbox 744 1724 3624 1797; baseline -0 -17"><span class='ocrx_word' id='word_1_117' title='bbox 744 1749 808 1771; x_wconf 89' lang='lat'>=</span> <span class='ocrx_word' id='word_1_118' title='bbox 845 1728 913 1780; x_wconf 79' lang='lat' dir='ltr'>A.</span> <span class='ocrx_word' id='word_1_119' title='bbox 940 1726 1145 1795; x_wconf 76' lang='lat' dir='ltr'>Borqia</span> <span class='ocrx_word' id='word_1_120' title='bbox 1181 1725 1388 1779; x_wconf 73' lang='lat' dir='ltr'>Istoria</span> <span class='ocrx_word' id='word_1_121' title='bbox 1421 1724 1478 1779; x_wconf 76' lang='lat' dir='ltr'>di</span> <span class='ocrx_word' id='word_1_122' title='bbox 1515 1726 1723 1780; x_wconf 77' lang='lat' dir='ltr'>Velletri</span> <span class='ocrx_word' id='word_1_123' title='bbox 1755 1743 1816 1795; x_wconf 74' lang='lat' dir='ltr'>p.</span> <span class='ocrx_word' id='word_1_124' title='bbox 1840 1735 1954 1782; x_wconf 80' lang='lat'>241.</span> <span class='ocrx_word' id='word_1_125' title='bbox 2032 1727 2199 1781; x_wconf 70' lang='lat' dir='ltr'>Pacci</span> <span class='ocrx_word' id='word_1_126' title='bbox 2241 1727 2567 1796; x_wconf 74' lang='lat' dir='ltr'>Genealoyia</span> <span class='ocrx_word' id='word_1_127' title='bbox 2604 1727 2733 1797; x_wconf 74' lang='lat' dir='ltr'>deyl&#39;</span> <span class='ocrx_word' id='word_1_128' title='bbox 2768 1727 3117 1781; x_wconf 67' lang='lat' dir='ltr'>illustrissimi</span> <span class='ocrx_word' id='word_1_129' title='bbox 3149 1727 3355 1795; x_wconf 74' lang='lat' dir='ltr'>siynori</span> <span class='ocrx_word' id='word_1_130' title='bbox 3386 1725 3624 1795; x_wconf 72' lang='lat' dir='ltr'>Franyi-</span> 
     </span>
     <span class='ocr_line' id='line_1_13' title="bbox 739 1812 3625 1886; baseline 0.001 -21"><span class='ocrx_word' id='word_1_131' title='bbox 739 1813 881 1879; x_wconf 75' lang='lat' dir='ltr'>pani</span> <span class='ocrx_word' id='word_1_132' title='bbox 911 1829 968 1880; x_wconf 83' lang='lat' dir='ltr'>p.</span> <span class='ocrx_word' id='word_1_133' title='bbox 995 1821 1082 1867; x_wconf 77' lang='lat'>46.</span> <span class='ocrx_word' id='word_1_134' title='bbox 1139 1813 1336 1867; x_wconf 78' lang='lat' dir='ltr'>Nerim‘</span> <span class='ocrx_word' id='word_1_135' title='bbox 1377 1812 1460 1867; x_wconf 78' lang='lat' dir='ltr'>Dc</span> <span class='ocrx_word' id='word_1_136' title='bbox 1482 1814 1673 1881; x_wconf 79' lang='lat' dir='ltr'>templo</span> <span class='ocrx_word' id='word_1_137' title='bbox 1709 1818 1755 1866; x_wconf 79' lang='lat' dir='ltr'>et</span> <span class='ocrx_word' id='word_1_138' title='bbox 1777 1813 2013 1867; x_wconf 63' lang='lat' dir='ltr'>mnobio</span> <span class='ocrx_word' id='word_1_139' title='bbox 2037 1830 2104 1868; x_wconf 78' lang='lat'>88.</span> <span class='ocrx_word' id='word_1_140' title='bbox 2131 1813 2417 1879; x_wconf 78' lang='lat' dir='ltr'>Bonifacii</span> <span class='ocrx_word' id='word_1_141' title='bbox 2449 1820 2499 1867; x_wconf 80' lang='lat' dir='ltr'>et</span> <span class='ocrx_word' id='word_1_142' title='bbox 2523 1815 2706 1886; x_wconf 66' lang='lat' dir='ltr'>Alea-ii</span> <span class='ocrx_word' id='word_1_143' title='bbox 2722 1832 2781 1882; x_wconf 81' lang='lat' dir='ltr'>p.</span> <span class='ocrx_word' id='word_1_144' title='bbox 2808 1822 2908 1868; x_wconf 75' lang='lat'>229</span> <span class='ocrx_word' id='word_1_145' title='bbox 2934 1818 3042 1867; x_wconf 83' lang='lat' dir='ltr'>not.</span> <span class='ocrx_word' id='word_1_146' title='bbox 3068 1831 3123 1868; x_wconf 81' lang='lat' dir='ltr'>n.</span> <span class='ocrx_word' id='word_1_147' title='bbox 3153 1812 3289 1868; x_wconf 79' lang='lat' dir='ltr'>Eoec.</span> <span class='ocrx_word' id='word_1_148' title='bbox 3355 1812 3625 1882; x_wconf 71' lang='lat' dir='ltr'><strong><em>Pfiuqu.</em></strong></span> 
     </span>
     <span class='ocr_line' id='line_1_14' title="bbox 740 1899 3625 1971; baseline 0 -19"><span class='ocrx_word' id='word_1_149' title='bbox 740 1900 882 1952; x_wconf 78' lang='lat' dir='ltr'>Acta</span> <span class='ocrx_word' id='word_1_150' title='bbox 917 1899 1030 1952; x_wconf 92' lang='lat' dir='ltr'>III</span> <span class='ocrx_word' id='word_1_151' title='bbox 1059 1907 1153 1954; x_wconf 76' lang='lat'>241</span> <span class='ocrx_word' id='word_1_152' title='bbox 1176 1917 1231 1955; x_wconf 75' lang='lat' dir='ltr'>n.</span> <span class='ocrx_word' id='word_1_153' title='bbox 1257 1908 1375 1955; x_wconf 79' lang='lat'><strong><em>245.</em></strong></span> <span class='ocrx_word' id='word_1_154' title='bbox 1447 1899 1934 1955; x_wconf 75' lang='lat' dir='ltr'>Fabre-Duchesne</span> <span class='ocrx_word' id='word_1_155' title='bbox 1959 1900 2002 1954; x_wconf 92' lang='grc' dir='ltr'><strong><em>Ι</em></strong></span> <span class='ocrx_word' id='word_1_156' title='bbox 2032 1905 2147 1955; x_wconf 86' lang='grc'><strong><em>339.</em></strong></span> <span class='ocrx_word' id='word_1_157' title='bbox 2186 1930 2253 1940; x_wconf 90' lang='grc'><strong>-</strong></span> <span class='ocrx_word' id='word_1_158' title='bbox 2293 1900 2458 1971; x_wconf 72' lang='lat' dir='ltr'>Reyq.</span> <span class='ocrx_word' id='word_1_159' title='bbox 2485 1900 2756 1971; x_wconf 67' lang='lat' dir='ltr'>Pauykll.</span> <span class='ocrx_word' id='word_1_160' title='bbox 2798 1900 2910 1955; x_wconf 78' lang='lat' dir='ltr'>Iter</span> <span class='ocrx_word' id='word_1_161' title='bbox 2938 1918 2997 1969; x_wconf 82' lang='lat' dir='ltr'>p.</span> <span class='ocrx_word' id='word_1_162' title='bbox 3023 1907 3121 1955; x_wconf 78' lang='grc'>278</span> <span class='ocrx_word' id='word_1_163' title='bbox 3154 1918 3211 1955; x_wconf 80' lang='lat' dir='ltr'>n.</span> <span class='ocrx_word' id='word_1_164' title='bbox 3234 1908 3352 1955; x_wconf 82' lang='lat'><strong><em>660.</em></strong></span> <span class='ocrx_word' id='word_1_165' title='bbox 3389 1900 3451 1954; x_wconf 88' lang='lat' dir='ltr'>J.</span> <span class='ocrx_word' id='word_1_166' title='bbox 3478 1906 3625 1953; x_wconf 77' lang='lat'><strong><em>9074.</em></strong></span> 
     </span>
     <span class='ocr_line' id='line_1_15' title="bbox 740 1984 1553 2041; baseline 0.001 -1"><span class='ocrx_word' id='word_1_167' title='bbox 740 1984 856 2040; x_wconf 67' lang='grc' dir='ltr'>«ΤΒ.</span> <span class='ocrx_word' id='word_1_168' title='bbox 898 1992 1055 2040; x_wconf 77' lang='lat'><em>12624</em></span> <span class='ocrx_word' id='word_1_169' title='bbox 1092 1984 1165 2038; x_wconf 75' lang='lat' dir='ltr'>ad</span> <span class='ocrx_word' id='word_1_170' title='bbox 1197 2003 1250 2041; x_wconf 82' lang='grc' dir='ltr'>α.</span> <span class='ocrx_word' id='word_1_171' title='bbox 1276 1993 1553 2041; x_wconf 81' lang='grc'><strong><em>1160-76.</em></strong></span> 
     </span>
    </p>
   </div>
   <div class='ocr_carea' id='block_1_5' title="bbox 1120 2081 2133 2152">
    <p class='ocr_par' dir='ltr' id='par_1_5' title="bbox 1120 2081 2133 2152">
     <span class='ocr_line' id='line_1_16' title="bbox 1120 2081 2133 2152; baseline 0.001 -18"><span class='ocrx_word' id='word_1_172' title='bbox 1120 2082 1188 2135; x_wconf 85' lang='lat' dir='ltr'>cf.</span> <span class='ocrx_word' id='word_1_173' title='bbox 1231 2081 1422 2147; x_wconf 81' lang='lat' dir='ltr'>Roma,</span> <span class='ocrx_word' id='word_1_174' title='bbox 1459 2081 1609 2137; x_wconf 85' lang='lat' dir='ltr'>Gens</span> <span class='ocrx_word' id='word_1_175' title='bbox 1646 2081 1966 2152; x_wconf 84' lang='lat' dir='ltr'>Fraiapana</span> <span class='ocrx_word' id='word_1_176' title='bbox 2002 2100 2058 2137; x_wconf 90' lang='lat' dir='ltr'>n.</span> <span class='ocrx_word' id='word_1_177' title='bbox 2083 2083 2133 2136; x_wconf 89' lang='lat'>9.</span> 
     </span>
    </p>
   </div>
  </div>
 </body>
</html>
