4055 6069
1551 501 1768 559 Civitas
1803 502 2234 561 Terracinensis.
3212 514 3237 573 l
3254 515 3330 575 19

442 701 491 741 s.
524 676 861 743 Benedicti
906 678 1237 743 casinensi
1289 677 1370 743 de
1417 679 1819 743 restitutione
1864 680 2236 746 monasterii
2267 703 2315 744 s.
2351 679 2663 766 Stephani
2706 682 2885 747 iuxta
2917 681 3330 748 Terracinam

442 782 633 865 positi
679 781 851 864 fecit,
900 781 1137 847 audeat
1179 781 1546 866 infringere.

819 928 868 964 v.
908 908 1152 973 Cassino,
1190 910 1336 964 Mon.
1372 928 1413 965 s.
1440 909 1752 966 Benedicti.

444 1033 522 1093 *5
3009 1040 3241 1117 (1118)

441 1136 819 1201 Gelasius
863 1136 932 1200 II
978 1136 1540 1201 Terracinensibus
1593 1137 1885 1202 Circeam
1943 1159 2192 1221 arcem,
2262 1161 2300 1202 a
2360 1139 2675 1204 Paschale
2724 1140 2790 1203 ΙΙ
2846 1139 3110 1225 Hugoni
3155 1140 3325 1204 card.

439 1240 573 1304 XII
624 1241 1082 1325 Apostolorum
1162 1239 1644 1305 custodiendam
1709 1242 2143 1325 commissam,
2228 1264 2344 1327 per
2409 1245 2664 1308 nuntios
2730 1245 3075 1329 apicesque
3143 1244 3326 1309 reddi

440 1345 722 1409 mandat.

644 1454 828 1508 Laud.
864 1454 926 1508 in
963 1454 1082 1507 Vita
1121 1438 1321 1508 (ιέιωῑῑ
1359 1453 1603 1524 11(Lib.
1635 1455 1840 1525 pontif.
1878 1455 1956 1510 az.
1991 1456 2275 1511 Duchesne
2313 1457 2385 1511 Il
2409 1459 2544 1527 314).
2585 1491 2649 1499 -
2690 1457 2814 1527 Rea.
2852 1457 2959 1513 JL.
2999 1489 3080 1511 -.

825 1550 884 1603 In
922 1548 1113 1605 eadem
1139 1547 1277 1605 Vita
1312 1549 1552 1620 legimus
1589 1550 1756 1606 haec:
1798 1551 1986 1615 „Quod
2022 1551 2238 1606 utinam
2277 1569 2387 1607 non
2422 1552 2660 1615 fecisset.
2699 1571 2829 1608 nam
2867 1552 3158 1623 paululum
3196 1557 3327 1623 post

647 1635 798 1692 ultra
821 1635 1044 1691 modum
1069 1635 1382 1706 poenituit·¹
1423 1677 1438 1692 .
1477 1678 1489 1691 .
1533 1637 1718 1702 ..Tunc
1755 1655 1907 1707 papa
1933 1636 2108 1694 vellet
2142 1637 2397 1703 multum,
2434 1656 2602 1707 quam
2640 1639 2797 1695 reddi
2822 1638 2985 1694 nimis
3009 1638 3323 1695 inconsulte

647 1726 1026 1794 praeceperat,
1063 1722 1313 1779 Circeam
1349 1739 1533 1779 arcem
1571 1724 1807 1781 habere*
1849 1725 1907 1791 (1.
1935 1742 1979 1778 c.
2009 1725 2204 1780 11314.
2231 1724 2372 1793 315).
2411 1757 2476 1765 -
2515 1726 2583 1780 cf.
2622 1727 2810 1782 Monte
2848 1725 3056 1783 circeo.

438 1882 478 1940 6
2362 1881 2683 1946 Laterano
2729 1884 2958 1965 (1144)
3004 1889 3117 1948 oct.
3155 1888 3236 1946 10

437 1984 714 2048 Lucius
761 1983 829 2046 II
891 1982 1076 2047 bonis
1143 1983 1504 2047 hominibus
1550 1984 1986 2049 Terracinen.:
2052 1984 2346 2067 mandat,
2410 1993 2480 2050 ut
2525 1986 2960 2070 possessiones
3007 1987 3319 2051 ecclesiae
3434 1988 3443 1995 ’

436 2109 484 2149 s.
518 2086 828 2170 Stephani
874 2087 954 2152 de
1001 2087 1340 2172 Montana,
1397 2110 1563 2173 quae
1620 2087 1682 2152 b.
1715 2087 2052 2153 Benedicti
2102 2087 2393 2154 Casincn.
2442 2091 2595 2154 iuris
2640 2091 2919 2173 exsistit,
2966 2091 3023 2154 ei
3073 2091 3320 2174 integre

436 2190 774 2254 restituant
819 2197 884 2255 et
930 2191 1011 2255 de
1058 2191 1201 2255 aliis
1245 2193 1551 2256 iustitiam
1598 2191 1855 2256 faciant.

812 2337 864 2373 v.
903 2317 1148 2384 cassino,
1187 2319 1331 2373 Mon.
1372 2338 1413 2374 s.
1442 2319 1746 2375 Benedicti.

435 2444 476 2502 7
1194 2438 1245 2470 *-
1651 2456 1666 2489 ι
3000 2445 3230 2526 (1150)

433 2543 826 2631 Eugenius
872 2546 975 2609 III
1035 2545 1155 2610 hoc
1211 2567 1371 2631 opus
1423 2546 1668 2632 gloriae
1722 2547 1921 2631 ipsius
1978 2548 2357 2611 memoriam
2401 2554 2891 2634 repraesentans
2936 2548 3074 2613 fieri
3119 2545 3316 2627 iubet,

434 2650 541 2732 qui
587 2649 750 2713 mira
802 2650 998 2712 animi
1044 2651 1276 2715 virtute
1332 2657 1398 2714 et
1451 2649 1700 2716 honesti
1746 2649 1957 2716 studio
2003 2650 2333 2735 praeditus
2376 2652 2624 2736 regalia
2669 2651 2872 2716 multa
2911 2652 3105 2736 longo
3152 2656 3315 2715 tem-

432 2772 588 2836 pore
636 2753 871 2817 amissa
914 2751 975 2816 b.
1009 2753 1205 2818 Petro
1246 2755 1543 2837 restituit,
1577 2753 1975 2839 quorundam
2001 2755 2227 2819 vitium
2272 2757 2338 2819 in
2366 2755 2628 2819 modum
2659 2755 3013 2820 honestatis
3043 2753 3314 2839 redegit,

431 2876 513 2920 ne
561 2855 713 2941 quid
762 2852 1049 2942 [iudices]
1096 2879 1134 2921 a
1180 2878 1505 2943 quoquam
1558 2864 1855 2942 peterent
1911 2880 2074 2924 neve
2140 2858 2291 2943 quid
2347 2881 2386 2923 a
2442 2880 2764 2944 quoquam
2820 2866 2968 2923 ante
3031 2858 3313 2923 decisam

432 2979 690 3023 causam
738 2962 1131 3046 acciperent,
1191 2968 1337 3047 post
1382 2961 1664 3027 decisam
1710 2961 1994 3026 oblatum
2045 2961 2198 3049 quid
2242 2962 2603 3028 verecunde
2662 2969 2728 3029 et
2772 2983 2914 3027 cum
2961 2963 3313 3047 gratiarum

432 3064 682 3129 actione
727 3066 1142 3150 susciperent.

637 3191 930 3261 Inscriptio
975 3194 1036 3246 in
1072 3193 1245 3248 media
1282 3200 1430 3248 turre
1473 3195 1617 3249 arcis
1659 3195 1994 3250 Terracinae.
2046 3228 2112 3236 -
2166 3195 2308 3250 Edd.
2349 3197 2627 3250 Baronius
2661 3199 2809 3250 Ami.
2846 3194 2919 3248 ad
2953 3213 3004 3248 α.
3034 3201 3153 3249 1153
3185 3209 3229 3248 c.
3258 3202 3313 3248 11

433 3299 497 3322 ---
551 3277 870 3347 Manriqw
914 3281 1064 3334 Anu.
1104 3280 1308 3335 Ciam-c.
1354 3282 1421 3334 II
1445 3288 1570 3349 222,
1610 3305 1673 3327 =
1721 3281 1923 3351 Uyhelli
1955 3300 2045 3350 ap.
2087 3282 2403 3337 ciaconium
2442 3286 2462 3316 ⁴
2500 3286 2541 3336 I
2569 3290 2715 3337 1034.
2805 3281 3078 3336 ζὀκωὶοή
3118 3298 3178 3350 p.
3203 3285 3311 3334 311.

427 3364 648 3419 Nicolai
677 3382 735 3432 p.
765 3373 874 3420 108.
950 3365 1220 3436 Ptluka.
1257 3369 1398 3421 Acta
1436 3368 1547 3422 111
1579 3376 1669 3423 117
1702 3384 1756 3423 n.
1784 3376 1875 3423 112
1909 3385 1976 3423 ex
2010 3385 2122 3437 cop.
2157 3369 2466 3437 Schiaffini.
2505 3400 2570 3409 —
2608 3368 2737 3438 Ray.
2774 3368 2879 3423 JL.
2919 3398 3000 3422 -.

425 3522 505 3585 *8
2850 3526 3193 3589 1154-59

425 3626 925 3693 Terracinenses
971 3649 1187 3692 coram
1233 3627 1651 3694 Hadriano
1699 3629 1794 3694 IV
1841 3631 2138 3715 querelas
2182 3636 2405 3693 contra
2448 3524 2857 3714 Fraiapaneg
2888 3526 3236 3713 exponung.

630 3754 815 3808 Laud.
863 3756 924 3808 in
967 3756 1419 3810 Tmacinensium
1456 3757 1623 3811 libello
1655 3759 1873 3826 querulo
1909 3758 2015 3824 (cd.
2055 3758 2332 3813 Gontaton'
2358 3775 2417 3826 p.
2442 3760 2544 3825 52).
2585 3787 2649 3798 —-
2688 3756 2814 3828 Rey.
2853 3757 2964 3812 JL.
3003 3788 3084 3814 —.

423 3911 464 3969 9
2257 3913 2600 3978 Ferentino
2643 3915 2875 3996 (1175)
2919 3919 3102 3980 mart.
3139 3918 3220 3977 14

425 4012 870 4079 Alexander
915 4013 1018 4076 III
1063 4015 1357 4080 universo
1390 4017 1628 4101 populo
1661 4011 2068 4083 Terracinen.
2118 4023 2250 4083 tam
2294 4016 2640 4082 maioribus
2687 4038 2878 4102 quam
2924 4016 3304 4083 minoribus:

422 4116 668 4196 scribit,
727 4139 809 4183 ne
856 4117 937 4183 de
980 4119 1093 4184 illo
1141 4121 1506 4205 privilegio,
1563 4142 1688 4205 quo
1737 4121 2236 4206 Pipernensibus
2281 4122 2669 4187 territorium
2716 4142 2861 4188 cum
2905 4120 3135 4186 finibus
3178 4121 3309 4184 suis

423 4221 843 4304 confirmavit,
890 4229 1298 4298 moveantur;
1367 4225 1518 4308 quia
1570 4225 1637 4288 in
1691 4224 1922 4290 eodem
1975 4226 2313 4310 privilegio
2372 4227 2524 4310 poni
2586 4225 2831 4290 fecerat
2880 4226 3095 4310 „salvo
3142 4225 3305 4289 teni-

421 4331 638 4390 mento
685 4347 732 4389 s.
765 4326 1069 4393 Andreae
1117 4334 1183 4392 et
1225 4329 1418 4393 salvis
1464 4330 1718 4393 iustitiis
1764 4331 2049 4395 omnium
2081 4330 2371 4413 aliorum,
2418 4330 2471 4393 si
2518 4350 2676 4414 quas
2719 4330 2886 4394 infra
2929 4328 3088 4392 fines
3130 4328 3305 4411 ipsos

423 4427 662 4493 habere
707 4433 1114 4496 noscuntur“.
1161 4470 1243 4481 —
1288 4433 1611 4498 Memores
1656 4435 2061 4498 exsistentes.
2150 4434 2301 4498 Dat.
2346 4433 2604 4498 Ferent.
2652 4436 2690 4496 2
2723 4432 2809 4497 id.
2855 4454 3011 4496 mar.

629 4539 813 4611 [ov-iq.
860 4559 911 4594 a.
952 4549 1079 4597 1781
1115 4542 1294 4598 adhuc
1330 4545 1616 4614 exstabatJ.
1658 4574 1722 4585 —
1770 4544 1873 4599 Ed.
1917 4543 2192 4599 Cantator-i
2218 4562 2276 4613 p.
2304 4553 2393 4600 196
2425 4549 2486 4599 ut
2520 4544 2719 4598 bullam
2756 4541 3064 4598 Alexandri
3099 4540 3200 4595 IV.
3242 4570 3304 4579 —

420 4627 547 4696 Rey.
586 4626 702 4681 JL.
741 4634 921 4683 12445.

421 4771 504 4828 10
2224 4773 2485 4855 Anayni
2533 4772 2937 4855 (1174-78)
2980 4769 3101 4849 seb.
3132 4771 3216 4834 25

419 4869 869 4937 Alexander
914 4872 1018 4938 III
1063 4873 1382 4960 (Hugoni)
1415 4895 1550 4959 ep.:
1599 4875 1881 4959 mandat,
1924 4883 2239 4961 quatenus
2276 4877 2568 4942 homines
2599 4874 3093 4941 Terracinenses
3124 4893 3301 4938 com-

419 4983 710 5058 moneat,
757 4984 828 5041 ut
871 4978 1306 5062 possessiones
1353 4979 1665 5044 ecclesiae
1713 5002 1761 5043 e.
1795 4978 2107 5064 Stephani
2152 4980 2233 5045 de
2279 4980 2599 5046 Montanis
2643 4980 2999 5044 restituant.

802 5106 851 5141 v.
890 5088 1133 5155 Cassino,
1171 5090 1318 5145 Mon.
1354 5109 1393 5144 s.
1421 5089 1729 5146 Benedicti.
1764 5120 1829 5130 —
1868 5089 2159 5147 Contatori
2197 5110 2252 5162 p.
2278 5093 2381 5148 343
2416 5092 2683 5157 affirmat,
2726 5090 3180 5145 Alexandrum
3219 5087 3298 5141 111

629 5173 922 5230 ecclesiam
959 5194 1000 5231 s.
1026 5175 1241 5232 Mariae
1276 5177 1547 5232 basilicae
1581 5194 1759 5232 novae
1784 5194 2147 5234 consecrasse.
2219 5178 2329 5234 Sed
2374 5195 2479 5249 ego
2504 5176 2732 5247 quidem
2765 5193 2874 5230 non
2914 5174 3127 5237 dubito,
3164 5173 3299 5242 quin

625 5262 767 5317 haec
791 5262 998 5318 notitia
1023 5263 1097 5318 ad
1122 5263 1414 5319 ecclesiam
1451 5285 1494 5318 s.
1519 5263 1730 5320 Mariae
1754 5264 1952 5321 Novae
1988 5265 2059 5320 de
2082 5266 2233 5322 Urbe
2255 5265 2544 5321 referenda
2577 5264 2654 5321 sit
2678 5263 2768 5332 (cf.
2797 5262 2904 5318 vol.
2931 5263 2956 5317 1
2979 5282 3035 5334 p.
3058 5263 3124 5319 67
3149 5280 3201 5316 n.
3225 5262 3300 5328 8).
