4055 6069
743 488 766 546 1
782 488 864 548 00
2061 478 2301 535 Latium.

737 658 782 718 4
3127 657 3532 738 (1181-83)

737 756 1044 845 [Lucius
1089 757 1220 847 ΠΙ]
1285 758 1484 823 nobili
1535 760 1673 823 viro
1728 758 2106 844 R(iccardo)
2152 758 2414 824 Arsule:
2477 758 2769 843 mandat,
2839 764 3153 844 quatenus
3207 760 3272 824 in
3325 761 3618 843 proximo

737 863 901 928 festo
969 886 1018 927 s.
1067 863 1321 929 Nicolai
1364 863 1449 927 ad
1504 885 1686 928 suam
1741 864 2174 947 praesentiam
2222 861 2519 949 accedat,
2594 862 2992 928 exhibiturus
3037 861 3336 949 S(imoni)
3400 863 3619 928 abbati

737 964 1079 1032 Sublacen.
1128 988 1322 1051 super
1367 969 1747 1052 quaestione
1794 973 2167 1033 castrorum.
3153 957 3157 960 ⁴

1112 1097 1163 1134 v.
1201 1076 1458 1146 Subia00‚
1495 1080 1641 1140 Mon.
1678 1097 1722 1134 s,
1749 1077 2042 1134 Benedicti
2076 1081 2137 1134 et
2170 1097 2212 1134 s.
2238 1076 2619 1135 Scholasticae
2656 1097 2709 1134 n.
2734 1079 2819 1135 62.

2022 1390 2337 1458 marano.

2002 1510 2357 1579 (Muranum)

950 1652 1091 1717 Iam
1137 1671 1304 1717 saec.
1338 1650 1474 1715 XII
1504 1651 1588 1715 in.
1623 1648 1708 1735 (a.
1749 1650 1984 1736 11092)
2027 1649 2446 1715 Ildemundus
2491 1649 2602 1735 (an
2646 1651 2840 1738 idem,
2888 1673 3081 1737 quem
3112 1652 3462 1738 Gregorius
3487 1657 3620 1722 VII

736 1780 795 1822 a.
851 1760 1005 1823 1081
1066 1755 1195 1821 feb.
1249 1756 1317 1819 in
1371 1755 1639 1819 concilio
1684 1753 1980 1819 Romano
2039 1755 2677 1841 anathematizavim)
2740 1758 3004 1841 eiusque
3060 1757 3225 1821 filius
3279 1759 3619 1845 Philippus

735 1863 1104 1927 iuraverunt
1167 1860 1439 1925 Iohanni
1507 1858 1956 1923 archidiacono
2027 1865 2093 1922 et
2151 1858 2371 1923 abbati
2430 1859 2768 1925 Sublacen.
2829 1860 3242 1946 fidelitatem,
3305 1883 3619 1950 recogno-

736 1973 987 2032 scentes
1032 1985 1100 2029 se
1148 1970 1366 2029 tenere
1414 1985 1453 2027 a
1498 1985 1548 2026 s.
1579 1961 1935 2027 Benedicto
1983 1962 2250 2027 castella
2280 1963 2451 2027 Afile
2497 1970 2563 2029 et
2606 1963 2841 2029 Pontia
2887 1964 3081 2050 (Reg.
3129 1964 3464 2032 Sublacen.
3514 1967 3616 2034 ed.

733 2070 955 2134 Allodi
1002 2090 1037 2135 e
1069 2069 1229 2133 Levi
1274 2089 1335 2151 p.
1370 2070 1496 2132 246
1526 2088 1587 2130 n.
1622 2069 1781 2143 2063
1830 2067 1910 2131 cf.
1959 2068 2155 2131 etiam
2188 2088 2249 2151 p.
2279 2065 2366 2153 8).
2435 2068 2676 2133 Contra
2706 2068 3100 2153 Philippum,
3148 2071 3257 2154 qui
3291 2069 3617 2137 Simonem

735 2173 1037 2238 abbatem
1084 2169 1429 2257 aliquando
1474 2172 1542 2234 in
1586 2170 1877 2235 custodia
1921 2176 2247 2255 tenuerat,
2303 2172 2599 2236 monachi
2647 2170 3072 2240 Sublacenses
3124 2173 3413 2239 libellum
3467 2198 3618 2261 sup-

734 2278 969 2362 plicem
1015 2276 1100 2341 ad
1142 2274 1588 2341 Alexandrum
1618 2274 1744 2358 111,
1788 2280 1861 2339 ut
1891 2281 2069 2359 puto,
2116 2274 2484 2340 obtulerunt
2514 2274 2601 2360 (v.
2635 2275 2934 2359 Subiaco,
2981 2277 3152 2342 Mon.
3200 2300 3250 2341 s.
3281 2278 3619 2345 Benedicti

735 2388 803 2446 et
845 2404 894 2445 s.
937 2380 1374 2445 Scholasticae
1427 2400 1488 2443 n.
1534 2379 1674 2465 48),
1739 2386 2189 2445 enumerantes
2240 2380 2532 2463 iniurias,
2603 2400 2764 2465 quas
2818 2380 2901 2445 ab
2961 2401 3040 2445 eo
3106 2383 3281 2466 passi
3347 2381 3618 2449 fuerant.

737 2484 1028 2550 Tandem
1075 2505 1133 2548 a.
1173 2487 1337 2550 1176
1370 2484 1749 2567 compositio
1780 2484 1947 2548 inter
1977 2486 2435 2549 monasterium
2467 2483 2807 2550 Sublacen.
2857 2492 2924 2549 et
2952 2484 3323 2572 Philippum
3356 2489 3620 2573 eiusque

736 2588 902 2653 filios
960 2588 1132 2653 facta
1189 2593 1288 2653 est
1332 2586 1421 2672 (n.
1464 2586 1553 2672 2).
1643 2586 1776 2651 Iste
1820 2588 2192 2673 Philippus,
2252 2610 2444 2674 quem
2490 2588 2915 2654 Sublacenses
2961 2591 3165 2654 omnis
3209 2591 3495 2656 malitiae
3553 2600 3621 2657 et

736 2690 1046 2777 perfidiae
1091 2692 1354 2778 plenum
1401 2698 1468 2755 et
1504 2692 1963 2776 nequissimum
2010 2692 2248 2776 dicunt,
2295 2694 2416 2757 fuit
2458 2713 2734 2778 proavus
2762 2691 3067 2758 Rainaldi
3113 2692 3177 2758 S.
3208 2692 3287 2759 R.
3322 2693 3397 2759 E.
3445 2694 3617 2760 card.

737 2817 839 2879 ep.
901 2795 1147 2861 Ostien.
1209 2802 1276 2860 et
1318 2794 1665 2877 Velitren.,
1722 2796 1831 2879 qui
1885 2801 2114 2880 postea
2156 2797 2535 2862 Alexander
2579 2797 2676 2862 IV
2729 2796 2867 2862 fuit.
2955 2795 3085 2861 Hic
3131 2800 3620 2864 conventionem

735 2898 1167 2983 supradictam
1198 2899 1598 2981 confirmans,
1639 2900 1965 2963 constituit
2007 2906 2288 2965 castrum
2320 2899 2587 2966 Gennae
2620 2899 2702 2965 ad
2732 2899 3120 2966 Rainaldum
3164 2909 3232 2967 et
3260 2901 3617 2969 Iohannem

732 3010 1002 3089 nepotes
1048 3025 1197 3069 suos
1243 3009 1537 3089 spectare
1582 3002 1670 3090 (a.
1711 3007 1874 3070 1260
1920 3010 2083 3091 sept.
2118 3006 2205 3091 9).

943 3108 1048 3173 Ex
1092 3108 1328 3175 Chron.
1374 3107 1712 3173 Sublacen.
1760 3114 2020 3173 auctore
2060 3109 2276 3174 Mirtio
2324 3111 2773 3195 comperimus,
2817 3109 3104 3197 Philippi
3149 3110 3378 3176 fratres
3423 3112 3618 3177 fuisse

735 3211 1079 3277 Oddonem
1123 3209 1376 3296 (Allodi
1406 3233 1470 3296 p.
1504 3210 1681 3296 224),
1725 3210 2117 3277 Rainaldum
2149 3212 2451 3279 abbatem
2482 3212 2913 3279 adulterinum
2945 3212 3282 3281 Sublacen.
3317 3213 3408 3301 (p.
3443 3218 3617 3302 266),

730 3322 798 3383 et
840 3316 1221 3382 Randisium
1266 3314 1357 3402 (p.
1390 3314 1566 3400 269).

947 3507 1375 3592 Documenta,
1423 3527 1588 3592 quae
1635 3513 2005 3593 sequuntur,
2054 3530 2136 3575 ex
2182 3509 2439 3575 archivo
2485 3508 2860 3575 Sublacensi
2905 3509 3249 3576 hausimus.

728 3681 764 3720 ι

730 3684 1183 3850 ΗΙαάτίαηιιε
1228 3783 1326 3848 IV
1387 3785 1703 3871 praecipit
1759 3786 1978 3852 abbati
2025 3785 2399 3872 Sublacen.,
2467 3794 2538 3853 ut
2584 3787 2957 3873 Philippum
3013 3685 3614 3876 (dequZKSDin-

734 3911 1033 3956 vasorem
1077 3891 1158 3958 de
1205 3893 1468 3959 abbatia
1514 3894 1819 3979 expellat.

1111 4021 1162 4058 v.
1200 4002 1457 4071 Subiaco,
1493 4004 1643 4060 Mon.
1682 4023 1724 4060 s.
1751 4003 2046 4061 Benedicti
2081 4008 2141 4060 et
2176 4022 2218 4060 s.
2243 4003 2626 4061 scholasticae
2663 4022 2716 4059 n.
2739 4002 2826 4058 43.

730 4143 777 4206 2
2773 4142 3038 4226 Anaym'
3083 4145 3252 4207 1176
3298 4140 3413 4207 iul.
3448 4146 3532 4206 11

731 4244 1184 4311 Alexander
1227 4245 1332 4310 III
1378 4247 1696 4314 nobilibus
1740 4250 1891 4313 viris
1920 4249 2225 4334 Philippo
2272 4247 2353 4314 de
2383 4247 2649 4312 Marano
2697 4252 2766 4313 et
2792 4245 3173 4332 R(ainaldo)
3219 4255 3286 4312 et
3311 4245 3615 4331 B(artho-

733 4349 1021 4437 lomaeo)
1064 4349 1211 4413 filiis
1257 4352 1424 4414 eius:
1482 4352 1815 4417 confirmat
1868 4354 2399 4437 compositionem
2462 4353 2527 4415 in
2581 4372 2695 4416 sua
2747 4352 3114 4435 praesentia
3172 4350 3408 4416 factam
3453 4351 3619 4414 inter

734 4475 847 4517 eos
894 4462 962 4518 et
1007 4456 1467 4519 monasterium
1513 4454 1851 4522 Sublacen.
1900 4478 2094 4542 super
2139 4455 2362 4522 Genua
2412 4461 2478 4521 et
2522 4454 2715 4521 feodo
2761 4454 3065 4520 Iohannis
3106 4452 3406 4518 Rolandi.

1112 4583 1162 4620 v.
1200 4562 1458 4632 Subiaco,
1496 4565 1642 4625 Mon.
1679 4589 1720 4624 s.
1749 4569 2042 4626 Benedicti
2078 4571 2137 4625 et
2171 4587 2211 4623 s.
2238 4566 2620 4624 Scholasticae
2655 4585 2708 4621 n.
2732 4568 2817 4623 49.
