4055 6069
1555 476 1693 533 Tres
1727 476 2018 533 Tabernae
2053 507 2122 518 —
2159 474 2303 532 Cori.
3256 475 3373 538 107

492 652 710 718 libris“
780 651 846 736 (l.
896 674 948 718 c.
990 652 1059 718 ΙΙ
1098 654 1185 739 9).
1293 652 1592 720 Ceterum
1661 652 1989 718 laudatam
2058 653 2413 716 invenimus
2481 651 2546 713 in
2612 648 2849 713 Leonis
2916 669 3015 732 ep.
3064 646 3375 711 Velitren.

494 757 784 822 chartula
830 779 888 822 a.
921 760 1045 823 946
1091 756 1222 841 (ed.
1256 758 1335 822 A.
1368 757 1609 842 Borgia
1653 779 1713 841 p.
1753 760 1902 831 158;
1951 755 2308 820 Stevenson
2352 776 2414 838 p.
2450 757 2531 819 73
2564 775 2625 816 n.
2664 750 2746 837 1),
2793 752 2859 815 in
2898 752 3119 815 Amati
3164 749 3375 834 prcsb.

495 861 785 926 chartula
830 883 886 926 a.
928 864 1089 926 1090
1135 859 1266 944 (ed.
1314 860 1406 925 St.
1440 861 1679 947 Borgia
1721 883 1781 945 p.
1815 859 2282 925 CCLXXXIX
2326 881 2386 923 n.
2421 863 2492 933 53
2540 856 2895 921 Stevenson
2925 877 2986 939 p.
3022 857 3103 920 98
3135 877 3194 918 n.
3236 853 3379 937 11⁸)

494 974 562 1031 et
612 968 678 1030 in
736 964 1070 1031 Paschalis
1114 964 1183 1028 Π
1239 965 1577 1051 privilegio
1635 986 1752 1047 pro
1797 962 2352 1029 Veliternensibus
2407 961 2494 1047 (v.
2529 960 2832 1042 velletri,
2892 958 3135 1023 Civitas
3191 979 3251 1021 n.
3286 957 3374 1042 3).

493 1070 951 1135 Monasterium
985 1070 1046 1133 ei
1069 1068 1392 1134 adnexum
1422 1090 1462 1134 a
1483 1068 1785 1133 Narcisso
1816 1069 2086 1153 patricio
2112 1067 2468 1149 fundatum,
2499 1063 2910 1149 postmodum
2935 1061 3374 1127 vandalorum

492 1174 846 1238 hostilitate
893 1172 1306 1254 destructum,
1353 1173 1584 1238 deinde
1631 1173 1936 1237 Iohannis
1980 1191 2191 1257 papae
2238 1168 2633 1255 temporibus
2664 1174 3051 1253 reparatum,
3098 1166 3376 1250 denique

494 1275 953 1342 monachorum
998 1278 1241 1341 incuria
1287 1277 1714 1342 deformatum
1761 1278 1976 1363 fuisse,
2023 1278 2162 1360 ipse
2207 1275 2617 1339 Innocentius
2661 1273 2766 1336 III
2810 1278 3027 1337 narrat
3069 1272 3134 1335 in
3179 1270 3376 1354 privi-

494 1380 665 1465 legio
711 1402 768 1445 a.
810 1384 958 1447 1201
1010 1382 1159 1445 mai.
1191 1386 1227 1446 4
1275 1380 1404 1467 (ed.
1438 1382 1755 1447 Pressutti
1796 1381 1962 1467 Reg.
2009 1380 2284 1446 Honorii
2315 1380 2419 1445 HI
2464 1388 2507 1445 t.
2540 1381 2574 1444 I
2617 1403 2680 1466 p.
2714 1378 2984 1462 CXXI),
3030 1401 3157 1465 quo
3203 1378 3379 1443 idem

494 1485 788 1568 pontifex
842 1487 1299 1551 monasterium
1357 1508 1406 1548 s.
1454 1485 1758 1550 Andreae
1817 1485 2092 1552 Girardo
2159 1487 2355 1570 priori
2409 1486 2831 1550 Lateranensi
2892 1485 3156 1569 eiusque
3224 1503 3374 1546 con-

494 1589 816 1653 canonicis
885 1591 1217 1655 concessit.
1319 1589 1396 1653 In
1452 1590 1573 1654 hac
1624 1589 1803 1655 bulla
1860 1591 2055 1655 etiam
2112 1590 2386 1654 ecclesia
2429 1612 2476 1654 s.
2510 1587 2732 1653 Iacobi
2778 1611 2839 1674 q.
2885 1609 3034 1673 app.
3083 1585 3164 1651 de
3211 1586 3374 1651 Teto

495 1692 659 1756 inter
703 1694 1140 1777 possessiones
1186 1694 1497 1759 ecclesiae
1544 1716 1592 1757 s.
1617 1694 1921 1759 Andreae
1967 1696 2032 1758 in
2078 1693 2271 1759 Silice
2317 1699 2726 1758 memoratur.

708 1848 1141 1930 Documenta,
1197 1875 1363 1939 quae
1418 1856 1503 1921 ad
1557 1855 1723 1921 hunc
1781 1857 1992 1920 locum
2039 1862 2352 1941 spectant,
2397 1855 2593 1920 hodie
2640 1857 2705 1920 in
2751 1855 3068 1920 tabulario
3116 1854 3375 1918 canoni-

494 1971 713 2016 corum
768 1975 816 2017 s.
865 1953 1170 2020 Iohannis
1235 1960 1300 2022 in
1354 1960 1675 2025 Laterano
1735 1958 2158 2025 adservantur
2218 1952 2327 2045 (cf.
2376 1959 2690 2025 Pressutti
2745 1960 2912 2045 Reg.
2957 1959 3226 2023 Honorii
3271 1956 3376 2021 111

494 2061 537 2119 t.
572 2054 605 2117 I
646 2078 708 2141 p.
742 2055 1033 2123 CXVIII
1055 2061 1202 2145 sq.)‚
1246 2063 1413 2129 inter
1458 2085 1624 2149 quae
1671 2063 1958 2130 chartam
2005 2064 2311 2129 Iohannis
2364 2063 2617 2128 abbatis
2661 2084 2833 2128 mon.
2878 2085 2925 2127 s.
2960 2061 3265 2127 Andreae
3310 2062 3376 2125 in

495 2158 686 2225 Silice
747 2168 814 2226 et
858 2163 1128 2228 Arenati
1173 2187 1230 2230 a.
1268 2169 1394 2232 978
1441 2176 1508 2233 et
1553 2167 1841 2234 chartam
1887 2168 2175 2232 Alberici
2220 2167 2474 2233 abbatis
2517 2189 2687 2232 mon.
2736 2189 2786 2230 s.
2819 2165 3120 2232 Andreae
3167 2171 3375 2250 apost.

495 2266 560 2324 et
603 2260 910 2329 Iohannis
956 2288 1018 2351 q.
1065 2288 1213 2352 app.
1261 2271 1326 2333 in
1384 2270 1576 2337 silice
1623 2294 1681 2336 a.
1729 2275 1854 2337 988
1911 2270 2300 2356 (exscriptas
2353 2292 2393 2336 a
2438 2271 2708 2336 Galletti
2762 2272 2827 2334 in
2874 2267 3033 2334 Ood.
3065 2269 3216 2333 Vat.
3263 2268 3374 2332 lat.

497 2368 662 2432 8043
709 2389 772 2451 p.
805 2369 839 2432 I
885 2369 927 2433 f.
963 2374 1064 2436 30.
1113 2372 1224 2458 36)
1269 2375 1680 2459 peculiariter
1724 2375 2126 2441 adnotamus.

707 2472 1128 2559 Privilegium
1173 2484 1418 2564 autem,
1477 2500 1603 2566 quo
1660 2480 1934 2545 ecclesia
1979 2502 2029 2545 s.
2060 2479 2281 2545 Iacobi
2327 2480 2409 2544 de
2456 2479 2618 2545 Teto
2666 2499 2969 2544 concessa
3014 2482 3140 2562 est,
3205 2475 3374 2540 desi-

495 2572 773 2641 deratur.
865 2578 1136 2645 Unicam
1195 2583 1490 2648 notitiam
1557 2583 1638 2649 de
1701 2605 1771 2649 re
1831 2583 2142 2649 debemus
2184 2584 2381 2649 Libro
2427 2605 2732 2649 censuum
2787 2582 2850 2647 S.
2888 2582 2969 2648 R.
3010 2581 3086 2646 Ε.
3154 2580 3377 2646 Oencii

494 2682 858 2766 camerarii,
919 2685 1029 2768 qui
1089 2685 1205 2750 sub
1261 2689 1638 2773 episcopatu
1694 2686 1975 2754 Ostiensi
2021 2688 2287 2773 (rectius
2330 2687 2792 2773 Veliternensi)
2850 2685 3183 2751 adnotavit
3243 2682 3373 2770 (ed.

494 2781 1111 2854 Fabre-Duchesne
1156 2789 1192 2854 I
1236 2791 1333 2877 9):

800 2889 1130 2973 „Ecclesia
1176 2898 1377 2961 sancti
1417 2896 1721 2962 Andreae
1766 2899 1831 2962 in
1877 2897 2071 2963 Silice
2115 2918 2232 2983 pro
2281 2897 2553 2962 ecclesia
2598 2896 2798 2960 sancti
2829 2892 3051 2959 Iacobi
3098 2893 3178 2958 de
3210 2892 3374 2957 Teto

583 2989 696 3075 (al.
742 2991 823 3058 de
868 2994 1067 3081 Core)
1114 2999 1147 3063 I
1191 2999 1721 3066 marabotinum.“

1842 3203 2034 3273 Cori.

1845 3315 2036 3385 (Cora)

702 3424 956 3498 Virginio
1012 3427 1382 3485 Lauriente
1436 3428 1687 3485 Historia
1736 3429 1979 3496 Gerana,
2039 3446 2140 3485 ms.
2187 3430 2354 3498 (teste
2389 3427 2668 3499 Mariani).
2727 3458 2793 3467 —
2844 3428 2976 3484 Ant.
3012 3425 3260 3483 Ricchi
3297 3425 3377 3481 La

495 3509 690 3582 reggia
738 3512 808 3567 de
844 3512 1062 3580 Volsci,
1099 3531 1202 3570 ove
1249 3514 1297 3570 si
1332 3515 1513 3571 tratta
1549 3556 1562 3570 .
1589 3558 1602 3571 .
1640 3515 1786 3572 delle
1823 3515 1991 3580 citta,
2042 3520 2189 3572 terre
2243 3533 2274 3571 e
2321 3514 2557 3572 castella
2609 3515 2701 3570 del
2744 3530 2915 3586 regno
2950 3514 3020 3570 de
3055 3511 3247 3568 Volsci
3281 3512 3374 3568 nel

495 3597 676 3664 Lazio‚
714 3615 744 3653 e
781 3599 1182 3669 specialmente
1217 3601 1276 3656 di
1314 3601 1457 3659 Cora
1493 3602 1578 3670 (In
1603 3601 1813 3672 Napoli
1843 3603 2015 3672 1713).
2042 3634 2109 3643 -
2134 3601 2288 3659 Gius.
2324 3601 2501 3671 Finy
2537 3601 2779 3658 Antiche
2816 3598 3079 3656 memorie
3113 3602 3376 3670 apparte-

493 3683 652 3740 nenti
695 3685 811 3741 alla
847 3686 991 3743 citta
1040 3687 1098 3742 di
1145 3686 1312 3755 Cora,
1365 3687 1616 3762 ricavate
1653 3689 1804 3747 ‚dall'
1828 3706 2001 3760 opera
2054 3688 2237 3745 latina
2288 3689 2378 3745 del
2433 3687 2598 3743 Lazio
2650 3687 2883 3759 profano
2937 3689 3227 3758 composta
3279 3685 3374 3740 dal

495 3771 668 3841 Volpi
704 3773 792 3840 (In
830 3774 1007 3829 Roma
1046 3775 1219 3843 1732).
1257 3807 1324 3816 -—·
1361 3774 1421 3831 F.
1449 3774 1783 3831 casimiro
1826 3776 1992 3833 Mem.
2027 3774 2183 3832 istor.
2219 3775 2366 3832 delle
2402 3774 2589 3831 chiese
2625 3792 2657 3830 e
2692 3773 2782 3831 dei
2819 3773 3078 3829 conventi
3114 3771 3207 3828 dei
3241 3771 3374 3827 frati

493 3858 697 3915 Minori
731 3860 885 3915 della
919 3860 1212 3931 provincia
1236 3860 1487 3917 Romana
1526 3866 1544 3897 ¹
1570 3880 1624 3933 p.
1650 3864 1719 3920 90
1742 3880 1849 3933 sq.;
1889 3868 1912 3899 ²
1938 3881 1992 3933 p.
2022 3863 2121 3918 137
2140 3881 2220 3932 sq.
2250 3891 2315 3902 —
2351 3861 2504 3918 Gius.
2529 3862 2665 3917 Mar.
2693 3860 3175 3917 Marchiafava
3198 3859 3374 3915 Breve

494 3946 688 4002 istoria
723 3946 875 4002 della
911 3947 1102 4003 chiesa
1137 3965 1168 4004 e
1203 3949 1535 4004 miracolosa
1570 3948 1872 4020 immagine
1909 3948 1967 4003 di
2004 3948 2185 4004 Maria
2220 3948 2310 4004 SS.
2335 3947 2628 4005 intitolata
2664 3948 2755 4005 del
2792 3947 3069 4012 Soccorso,
3107 3945 3376 4003 esistente

492 4033 647 4089 nella
698 4032 843 4090 citta
895 4033 954 4088 di
1008 4033 1138 4091 Cori
1192 4038 1210 4069 ¹
1248 4035 1448 4103 (Roma
1503 4036 1681 4103 1821);
1724 4038 1747 4069 ²
1771 4036 1971 4104 (Roma
2007 4036 2182 4105 1842).
2236 4067 2300 4077 --
2345 4036 2518 4092 Sante
2553 4036 2755 4091 Viola
2798 4034 3064 4091 Memor-ie
3109 4031 3374 4089 istor-iche

493 4120 623 4177 dell'
648 4119 1037 4176 antichissima
1072 4121 1216 4178 citta
1251 4121 1309 4177 di
1345 4121 1471 4177 Cori
1507 4124 1593 4178 ne‘
1617 4122 1803 4179 Volsci
1838 4123 2037 4190 (Roma
2064 4122 2234 4189 1825).
2271 4153 2338 4164 —
2373 4124 2682 4179 Maroneo
2716 4119 3066 4178 Monumenti
3091 4120 3140 4173 V
3170 4121 3267 4177 137
3291 4138 3374 4190 sq.

494 4238 560 4248 —
612 4206 845 4278 Nibby
881 4207 1098 4263 Analisi
1136 4209 1211 4262 ²1
1253 4208 1356 4264 487
1380 4226 1463 4278 sq.
1507 4240 1574 4248 —
1626 4209 1889 4266 Moroni
1945 4209 2263 4266 Dizionario
2300 4208 2584 4264 LXXXIX
2623 4210 2822 4278 160sq.
2876 4239 2940 4248 —
2996 4209 3054 4264 L.
3081 4208 3375 4265 Mariani

493 4293 808 4350 L'archivio
844 4293 1050 4350 storico
1086 4293 1145 4348 di
1180 4295 1306 4351 Cori
1342 4295 1424 4350 in:
1462 4295 1626 4351 Arch.
1664 4296 1817 4352 della
1851 4296 1973 4353 Soc.
2010 4297 2166 4352 Rom.
2205 4295 2340 4351 XIII
2377 4296 2559 4365 (1890)
2592 4296 2693 4352 527
2712 4313 2793 4364 sq.

1344 4520 1664 4589 Ecclesia
1706 4521 2096 4605 collegiata
2139 4537 2196 4589 s.
2230 4521 2521 4588 Uarine.

708 4653 1060 4718 Archivum
1105 4650 1291 4717 huius
1336 4653 1647 4719 ecclesiae
1693 4652 2068 4738 possidebat
2097 4674 2264 4718 saec.
2296 4652 2514 4737 XVH,
2561 4658 2726 4720 teste
2756 4652 3070 4718 Oasimiro
3108 4652 3130 4692 ¹
3163 4675 3225 4737 p.
3260 4657 3372 4727 96;

496 4757 523 4796 ²
554 4779 617 4841 p.
663 4761 801 4840 143,
845 4758 1270 4822 inventarium
1317 4779 1357 4823 a
1399 4757 1861 4844 Christophoro
1919 4757 2192 4843 Capella
2246 4778 2302 4822 a.
2344 4760 2507 4823 1539
2561 4763 2723 4842 sept.
2759 4761 2797 4822 8
2851 4757 3246 4839 confectum,
3308 4757 3373 4820 in

495 4882 622 4945 quo
669 4861 837 4924 inter
879 4861 1008 4926 alia
1050 4861 1504 4927 recensebatur

1067 4987 1232 5048 „uua
1274 4965 1450 5030 bulla
1494 4987 1542 5029 s.
1569 4964 1934 5030 Silvestri
1980 4967 2046 5029 in
2091 4965 2312 5030 charta
2358 4964 2813 5052 pergamena“.

709 5067 938 5132 Utrum
986 5068 1067 5132 de
1113 5069 1512 5154 indulgentia
1558 5068 1927 5154 apocrypha
1973 5067 2280 5134 Silvestro
2311 5069 2347 5134 I
2389 5069 2713 5154 adscripta
2758 5074 2987 5154 agatur
3030 5089 3109 5132 an
3151 5088 3371 5132 verum

495 5171 785 5237 Silvestri
831 5172 898 5235 II
945 5173 1348 5256 privilegium
1396 5174 1548 5237 olim
1582 5174 1918 5257 exstiterit,
1965 5174 2032 5237 in
2076 5172 2269 5238 dubio
2316 5174 2753 5260 relinquimus,
2801 5193 2995 5260 quum
3029 5171 3202 5236 nulla
3247 5171 3373 5240 alia

496 5275 576 5340 de
620 5296 692 5340 re
737 5277 965 5342 notitia
1008 5278 1224 5343 lumen
1269 5276 1529 5363 aliquod
1578 5277 1824 5343 afferat.
