4055 6069
700 452 729 514 1‘
738 456 818 517 58
2018 448 2260 504 Latium.

690 625 815 688 *11
3125 627 3465 688 1143—44

691 729 1141 795 Celestinus
1186 727 1255 793 11
1301 727 1837 812 Guidoni-presb.
1885 749 1933 793 s.
1966 729 2299 794 Laurentii
2343 729 2410 793 in
2452 726 2738 793 Damaso
2785 733 2854 793 et
2890 624 3207 813 Grego(rio
3254 750 3337 792 ss.
3370 625 3582 812 Soggii

693 839 759 897 et
801 832 1004 897 Baebi
1052 832 1212 898 diac.
1270 831 1442 897 card.
1489 834 1830 898 committit
1882 852 2143 897 causam
2213 834 2378 898 inter
2445 833 2819 917 episcopum
2874 836 2941 895 et
2996 830 3262 898 clericos
3317 855 3365 895 s.
3397 832 3579 897 Petri

692 936 773 1001 de
820 936 1130 1002 Canneto.

897 1046 1079 1102 Laud.
1115 1047 1179 1100 in
1212 1063 1268 1101 n.
1294 1054 1374 1102 24.
1413 1077 1478 1086 -
1515 1047 1648 1116 Ray.
1684 1047 1791 1101 JL.
1838 1078 1915 1100 -.

1067 1140 1360 1197 Sententia
1402 1158 1437 1195 a
1483 1140 1862 1197 cardinalibus
1899 1142 2125 1211 prolata
2173 1144 2233 1196 et
2267 1140 2340 1195 ab
2377 1141 2692 1196 Alexandro
2731 1141 2811 1195 111
2851 1141 3177 1197 confirmata
3212 1141 3575 1198 desideratur.

692 1285 777 1347 12
1618 1300 1623 1305 ¹
3259 1284 3491 1365 (1144)

690 1387 978 1451 Lucius
1023 1385 1093 1449 II
1160 1387 1366 1451 Leoni
1419 1406 1550 1469 ep.:
1600 1384 1896 1464 mandat,
1959 1392 2273 1470 quatenus
2317 1382 2619 1448 fratribus
2680 1383 2917 1449 Montis
2974 1384 3190 1451 Casini
3235 1385 3576 1451 ecclesiam

690 1516 739 1556 s.
773 1490 1084 1576 Stephani
1131 1497 1199 1554 et
1241 1496 1476 1554 terram
1522 1490 1759 1554 Leonis
1807 1490 1886 1554 de
1932 1489 2181 1573 Lando,
2230 1489 2323 1553 eis
2368 1495 2590 1552 contra
2635 1490 2940 1553 iustitiam
2987 1488 3258 1573 ablatas,
3306 1490 3371 1552 in
3415 1511 3574 1573 pace

691 1595 973 1660 dimittat
1016 1602 1127 1659 aut
1170 1596 1480 1678 proximis
1525 1595 1767 1659 octavis
1813 1593 2198 1678 epiphaniae
2245 1594 2444 1675 (1145
2475 1597 2607 1659 ian.
2642 1594 2756 1678 13)
2801 1596 2866 1657 in
2912 1614 3027 1658 sua
3072 1595 3438 1678 praesentia
3485 1595 3576 1658 eis

690 1698 1097 1784 respondeat.

1067 1829 1115 1864 v.
1155 1808 1401 1875 Cassino,
1439 1809 1585 1864 Mon.
1622 1829 1663 1864 s.
1691 1808 1999 1865 Benedicti.

690 1911 773 1974 13
2783 1908 2971 1990 Seyni
3016 1911 3187 1973 1152
3227 1930 3374 1991 auy.
3402 1911 3490 1973 28

686 2015 764 2078 In
793 2015 1159 2099 praesentia
1204 2013 1540 2099 Eugenii
1574 2011 1698 2096 ΙΙΙ,
1746 2014 1809 2075 in
1842 2013 2099 2077 civitate
2134 2011 2415 2097 Signina,
2463 2015 2528 2077 in
2573 2014 2834 2099 palatio,
2882 2014 3056 2100 quod
3087 2036 3126 2078 a
3157 2013 3572 2080 fundamento

687 2119 968 2184 construi
1012 2118 1165 2183 fecit
1211 2117 1383 2182 idem
1430 2117 1746 2201 dominus,
1793 2118 1857 2179 in
1903 2117 2270 2200 praesentia
2301 2119 2750 2202 episcoporum
2798 2126 2863 2182 et
2894 2116 3331 2194 cardinalium,
3376 2118 3571 2183 breve

687 2222 1135 2289 transactionis
1180 2220 1260 2285 de
1307 2221 1420 2286 lite
1465 2221 1632 2285 inter
1675 2220 1986 2286 Milonem
2020 2240 2402 2303 yconomum
2448 2242 2497 2285 s,
2529 2219 2833 2286 Andreae
2881 2228 2946 2286 et
2978 2221 3270 2287 Girinum
3303 2220 3571 2287 militem

685 2328 924 2392 Montis
968 2348 1016 2389 s.
1048 2324 1355 2391 Iohannis
1401 2327 1821 2409 componitur.

893 2440 947 2492 A
982 2439 1061 2508 (n.
1092 2439 1230 2508 531).
1270 2437 1376 2507 [1].
1413 2467 1479 2477 -
1519 2435 1648 2505 1³09.
1685 2435 1802 2490 JL.
1841 2467 1923 2489 -.

1063 2532 1323 2588 Giroinus
1375 2532 1605 2600 eiusque
1651 2530 1850 2587 fratres
1895 2549 1944 2586 a.
1971 2531 2108 2586 1112
2164 2548 2288 2585 nov.
2323 2533 2356 2585 5
2409 2531 2548 2586 Leto
2594 2548 2682 2601 ep.
2728 2530 2941 2587 donant
2983 2532 3130 2588 bona
3184 2533 3460 2601 quaedam
3514 2531 3572 2588 in

894 2618 1178 2675 territorio
1225 2616 1432 2674 Montis
1481 2637 1523 2673 s.
1548 2616 1812 2672 Iohannis
1865 2621 1924 2671 et
1969 2616 2253 2673 Cannetae
2301 2620 2475 2686 atque
2523 2616 2966 2689 Strangulagalli
3005 2617 3100 2684 (ib.
3139 2636 3192 2673 n.
3219 2619 3358 2687 677).
3400 2648 3460 2657 -—
3500 2619 3570 2674 cf.

894 2706 1087 2761 Monte
1122 2704 1230 2761 San
1270 2703 1566 2760 Giovanni.

690 2807 770 2867 14
2783 2888 2784 2891 Ν
2960 2804 3161 2879 (1154
3206 2804 3338 2867 ian.
3369 2806 3487 2886 22)

686 2909 1089 2972 Auctoritate
1149 2914 1215 2970 et
1270 2912 1499 2991 rogatu
1558 2907 1970 2971 Anastasii
2031 2905 2144 2987 IV,
2213 2906 2657 2990 praesentibus
2714 2908 2948 2971 nuntiis
3004 2906 3292 2971 eiusdem
3339 2928 3570 2991 papae,

684 3012 958 3097 Yngone
1007 3011 1359 3077 camerario
1406 3016 1474 3076 et
1518 3010 1774 3076 Saxone
1822 3009 1956 3074 sed.
2003 3018 2209 3095 apost.
2259 3009 2564 3094 subdiac..
2611 3012 2747 3076 Leo
2795 3033 2893 3097 ep.
2941 3011 3137 3077 tradit
3179 3010 3570 3076 monasterio

686 3116 980 3181 Oasinen.
1030 3116 1369 3180 ecclesiam
1417 3138 1465 3178 s.
1499 3113 1732 3178 Iuliani
1779 3135 1922 3178 cum
1968 3116 2233 3178 introitu
2278 3121 2344 3179 et
2389 3117 2565 3180 exitu
2611 3123 2760 3180 terr.
2805 3116 3193 3180 Frusinonis.

1065 3245 1113 3281 v.
1153 3225 1399 3292 Cassino,
1433 3225 1583 3280 Mon.
1620 3245 1662 3280 s.
1688 3224 1998 3280 Benedicti.

688 3316 767 3376 15
2640 3315 2962 3380 Laterano
3010 3316 3177 3377 1154
3222 3320 3408 3378 mart.
3443 3316 3483 3373 9

681 3418 1145 3483 Anastasius
1193 3417 1286 3481 IV
1331 3417 1534 3481 Leon‘i
1570 3440 1669 3502 ep.
1704 3425 1859 3482 ctc.:
1908 3416 1992 3481 ad
2040 3418 2374 3504 exemplar
2417 3417 2660 3483 Urbani
2706 3422 2800 3501 (n.
2834 3423 2940 3502 3),
2986 3418 3319 3483 Paschalis
3350 3425 3441 3498 (n.
3474 3420 3569 3498 4),

684 3520 922 3587 Calixti
952 3522 1045 3602 (n.
1075 3521 1167 3606 8),
1212 3520 1483 3585 Honorii
1516 3522 1609 3602 (n.
1644 3523 1714 3598 9)
1761 3527 1827 3584 et
1857 3520 2164 3586 Gelestini
2195 3521 2287 3604 (n.
2322 3522 2435 3602 10)
2466 3523 2800 3587 confirmat
2829 3524 3264 3607 possessiones
3295 3522 3570 3605 propriis

684 3645 1025 3709 expressas
1068 3623 1415 3688 vocabulis.
1451 3661 1533 3671 —
1577 3623 1653 3688 In
1702 3626 2007 3689 eminenti
2055 3625 2470 3709 apostolicae.
2537 3625 2678 3712 Ego
2714 3626 3091 3690 Anastasius
3124 3631 3244 3689 etc.
3314 3623 3566 3689 Subscr.

690 3734 765 3792 15
798 3727 970 3793 card.
1039 3726 1189 3792 Dat.
1235 3728 1379 3793 Lat.
1426 3749 1491 3812 p.
1538 3749 1622 3792 m.
1697 3726 1976 3792 Rolandi
2023 3728 2087 3793 S.
2120 3728 2200 3793 R.
2232 3728 2306 3793 Ε.
2340 3728 2550 3814 presb.
2600 3729 2770 3794 card.
2821 3736 2887 3793 et
2927 3749 3123 3812 canc„
3173 3734 3206 3792 7
3241 3727 3327 3792 id.
3357 3735 3567 3808 mart,

681 3831 810 3896 ind.
844 3835 904 3915 2,
949 3834 1071 3897 inc.
1121 3831 1180 3896 d.
1229 3851 1286 3896 a.
1320 3834 1504 3914 1153,
1550 3838 1725 3916 pont.
1772 3852 1830 3896 v.
1879 3831 1940 3895 d.
1986 3832 2313 3896 Anastasii
2359 3830 2497 3896 IIII
2539 3854 2647 3916 pp.
2696 3855 2754 3897 a.
2794 3837 2846 3897 1.

890 3944 959 3997 Δ.
1013 3941 1119 4012 [1].
1180 3971 1243 3981 -
1298 3939 1407 3996 Ed.
1444 3939 1720 4011 Pfluka.
1757 3941 1898 3995 Acta
1947 3940 2057 3995 III
2085 3948 2180 3996 143
2221 3958 2278 3996 η.
2313 3947 2404 3997 135
2447 3958 2515 3995 ea·-
2552 3941 2620 3995 Δ.
2675 3971 2742 3981 -
2801 3942 2970 4013 Reqy.
3023 3942 3218 4011 Uyhelli
3260 3946 3274 3976 ¹
3314 3942 3356 3997 I
3385 3944 3412 3972 ⁸
3439 3947 3565 4006 293,-

685 4032 706 4061 ²
744 4028 787 4083 I
817 4035 953 4084 1392.
1015 4027 1281 4097 Pnuqu.
1320 4027 1438 4082 Iter
1464 4045 1521 4096 p.
1548 4035 1647 4083 260
1680 4045 1734 4080 n.
1761 4034 1867 4082 487
1897 4027 1971 4081 aa
2002 4028 2106 4094 feb.
2134 4035 2214 4082 23.
2270 4027 2387 4082 JL.
2430 4034 2566 4083 9837
2599 4028 2672 4081 ad
2706 4029 2808 4097 feb.
2835 4035 2919 4084 23.

685 4172 769 4232 16
1202 4247 1208 4252 ,
3084 4169 3476 4252 (1153—54)

680 4271 1146 4337 Anastasius
1177 4272 1273 4337 IV
1302 4271 1565 4358 L(eoni)
1599 4293 1731 4356 ep.:
1780 4271 2064 4353 mandat,
2098 4280 2411 4356 quatenus
2444 4273 2586 4336 illas
2619 4272 2777 4337 duas
2807 4273 3135 4358 cappellas
3167 4273 3247 4338 de
3279 4273 3565 4357 Babuco,

683 4396 849 4460 quae
909 4376 989 4440 ad
1038 4378 1135 4439 ius
1179 4377 1551 4441 monasterii
1610 4375 1974 4440 Casinensis
2019 4377 2376 4459 pertinent,
2438 4398 2476 4440 a
2522 4378 2840 4440 sententia
2895 4376 3215 4441 interdicti
3275 4376 3568 4442 absolvat

682 4489 748 4543 et
791 4480 1215 4564 parochianos
1260 4500 1510 4562 earum,
1565 4500 1645 4543 ne
1694 4478 1907 4543 divina
1954 4480 2167 4543 officia
2210 4480 2275 4542 in
2322 4481 2415 4543 eis
2461 4479 2752 4565 audiant,
2797 4480 3160 4544 nullatenus
3204 4480 3565 4546 interdicat.

1065 4609 1113 4646 v.
1153 4590 1398 4655 cassino,
1435 4590 1586 4646 Mon.
1623 4608 1663 4646 s.
1692 4590 2001 4646 Benedicti.

686 4702 766 4758 17
3077 4700 3479 4780 (1153-54)

680 4801 1161 4865 Anastasius
1184 4802 1282 4866 IV
1313 4801 1645 4887 I(ohanni)
1674 4801 1885 4886 presb.
1922 4802 2093 4867 card.
2128 4826 2209 4867 ss.
2235 4803 2538 4868 Iohannis
2570 4811 2636 4868 et
2665 4804 2879 4867 Pauli:
2912 4803 3195 4887 mandat,
3229 4810 3566 4888 quatenus,

680 4905 1085 4970 convenienti
1153 4907 1425 4970 termino
1503 4905 1767 4992 (Leoni)
1812 4905 2141 4970 Verulano
2202 4927 2302 4990 ep.
2373 4914 2440 4972 et
2496 4905 2895 4992 Ray(naldo)
2954 4906 3287 4972 Casinensi
3344 4905 3566 4972 abbati

679 5007 996 5091 praefixo,
1061 5008 1469 5095 Ceperanum
1526 5008 1795 5075 accedat
1839 5017 1906 5074 et
1971 5015 2120 5075 ante
2175 5031 2356 5075 suam
2403 5011 2844 5095 'praesentiam
2913 5031 3170 5075 causam
3227 5011 3396 5074 inter
3452 5031 3568 5074 eos

680 5132 873 5196 super
918 5111 1165 5177 duabus
1210 5114 1498 5179 ecclesiis
1542 5110 1655 5198 (de
1699 5112 1995 5199 Babuco)
2040 5122 2405 5200 cognoscat.

1058 5243 1108 5280 v.
1145 5223 1391 5290 Camino,
1427 5225 1573 5280 Mon.
1611 5242 1653 5280 s.
1676 5223 1986 5280 Benedicti.
