4055 6069
1141 442 1287 501 Mon.
1325 464 1366 503 s.
1402 439 1657 501 silvestri
1693 442 1754 500 in
1790 444 1980 500 Monte
2017 443 2246 500 Soracte
2281 474 2347 486 —-
2385 439 2710 500 Corchiano.
3248 447 3362 511 191

485 621 565 688 de
631 621 915 688 Gardeia
975 622 1260 688 refutant
1325 624 1388 687 in
1456 622 1749 688 manibus
1816 622 2291 707 praedictorum
2360 619 2780 685 cardinalium
2848 619 3151 705 quicquid
3217 621 3372 684 iuris

484 726 726 793 habent
767 729 833 793 in
878 730 1017 813 ipso
1065 735 1295 793 castro.

614 893 619 903 ,
657 839 893 893 Albinus
928 839 1014 892 lib.
1057 839 1156 892 XI
1185 845 1329 893 022⁷.
1403 837 1626 892 Oeneius
1659 853 1702 892 c.
1728 845 1807 892 98.
1845 867 1912 878 —
1947 834 2053 891 Ed.
2092 835 2583 891 Faba-Dudum
2619 835 2661 888 Ι
2686 841 2799 890 385.
2848 864 2915 875 -
2966 835 3097 903 ch.
3134 836 3250 891 JL.
3288 866 3370 890 —.

865 934 934 989 cf.
963 933 1153 989 Vitam
1191 931 1463 989 Hadriani
1504 933 1577 987 lV
1617 936 1846 988 auctore
1883 933 2099 988 Bosone
2138 931 2280 999 (Lib.
2320 930 2521 1001 pontif.
2560 931 2644 987 ed.
2681 930 2971 987 Duchesne
3007 931 3060 984 II
3097 930 3237 999 396).

482 1092 529 1154 2
2550 1091 2770 1156 Narni
2812 1090 2983 1154 1158
3027 1111 3168 1173 any.
3201 1093 3289 1155 27

484 1192 910 1259 Buccaleonis
969 1197 1293 1261 renuntiat
1363 1194 1772 1260 Hadriano
1827 1196 1925 1261 IV
1983 1197 2247 1281 eiusque
2308 1194 2780 1262 successoribus
2842 1196 3099 1259 nomine
3168 1201 3372 1260 trane-

485 1299 755 1362 actionis
787 1320 974 1363 omne
1020 1302 1118 1364 ius
1163 1301 1226 1364 in
1259 1305 1466 1364 castro
1500 1299 1798 1365 Corclani
1842 1302 2010 1366 intus
2057 1322 2172 1364 eeu
2217 1301 2391 1385 forie,
2436 1322 2554 1385 pro
2601 1319 2679 1364 eo
2727 1297 2899 1383 quod
2945 1300 3066 1383 ipsi
3112 1299 3377 1365 tradidit

494 1402 841 1467 1401ibras
885 1404 1123 1468 Lucen.
1180 1409 1499 1468 monetae.
1559 1442 1643 1450 -—
1688 1403 1834 1469 Hoc
1880 1403 2122 1470 factum
2168 1412 2267 1469 est
2309 1404 2622 1487 Narniae,
2682 1402 2787 1467 die
2832 1404 3151 1488 mercurii,
3196 1405 3376 1468 iuxta

486 1505 828 1571 ecclesiam
874 1506 934 1571 b.
967 1507 1324 1592 luvenalis,
1382 1509 1446 1571 in
1501 1508 1742 1592 palatio
1787 1507 1967 1572 Petri
2023 1529 2124 1593 ep.
2173 1516 2240 1573 et
2283 1510 2347 1573 in
2394 1508 2760 1593 praesentia
2803 1505 3120 1571 Hadriani
3165 1506 3264 1571 IV
3310 1514 3376 1572 et

487 1608 926 1675 cardinalium.
1019 1610 1272 1676 Subscr.
1322 1616 1355 1675 7
1391 1611 1562 1676 card.
1612 1618 1679 1676 et
1720 1611 2027 1677 Narnien.
2077 1634 2179 1697 ep.
2268 1611 2412 1697 Ego
2456 1610 2727 1695 Egidius
2773 1617 2903 1674 not.
2952 1611 3289 1696 complevi.

694 1719 931 1773 Albinus
966 1719 1052 1772 lib.
1084 1719 1187 1773 XI
1214 1735 1257 1773 c.
1285 1725 1369 1774 28.
1446 1718 1669 1774 Gemina
1704 1735 1747 1774 c.
1785 1727 1862 1776 99.
1908 1749 1975 1760 —
2015 1720 2164 1774 Edd.
2203 1721 2486 1774 Muratori
2520 1721 2710 1789 Antiq.
2747 1720 2789 1774 I
2813 1726 2910 1776 139
2958 1745 3022 1766 =
3070 1720 3377 1801 GappeUetti

489 1806 582 1860 IV
614 1813 732 1860 557.
794 1806 1280 1860 Fabre-Ducheane
1317 1806 1359 1859 Ι
1389 1812 1487 1861 385
1522 1805 1599 1859 ad
1633 1823 1762 1877 ειπερ.
1786 1815 1835 1861 4.
1873 1837 1933 1847 -
1975 1807 2138 1879 Reyy.
2175 1807 2237 1863 J.
2267 1823 2323 1875 p.
2352 1814 2463 1862 672.
2516 1807 2625 1861 JL.
2664 1807 2744 1861 ΙΙ
2767 1824 2822 1875 p.
2852 1814 2965 1863 134.

485 1967 528 2026 3
2551 1965 2772 2030 Narni
2816 1965 2987 2028 1158
3028 1986 3174 2047 auy.
3205 1968 3291 2028 30

487 2067 873 2153 Stephania,
934 2067 1259 2153 quondam
1318 2089 1481 2132 uxor
1546 2067 1809 2134 Ranutii
1867 2068 2146 2153 Farulfi,
2208 2071 2532 2134 renuntiat
2591 2068 2895 2154 quicquid
2962 2069 3115 2133 iuris
3179 2068 3379 2134 habet

488 2174 551 2236 in
597 2179 806 2237 castro
847 2172 1144 2238 Corclani
1187 2172 1431 2237 Bosoni
1479 2172 1643 2239 diac.
1675 2172 1846 2237 card.
1881 2195 1960 2237 ss,
1995 2173 2272 2239 Cosmae
2319 2180 2386 2237 et
2426 2173 2729 2239 Damiani
2775 2179 2842 2237 et
2870 2172 3249 2238 Hadriani
3279 2172 3378 2236 IV

488 2277 862 2341 camerario.
925 2316 1009 2323 -—
1066 2276 1338 2341 Factum
1400 2281 1498 2339 est
1553 2275 1674 2339 hoc
1731 2275 2015 2341 Narniae
2071 2278 2137 2341 in
2189 2277 2432 2361 palatio
2493 2278 2797 2362 episcopi.
2904 2276 3045 2361 Ego
3104 2276 3378 2341 Alexius

488 2379 553 2444 S.
584 2379 665 2444 R.
697 2379 773 2447 E.
821 2381 1005 2445 scrin.
1055 2387 1121 2446 et
1167 2380 1226 2444 d.
1274 2378 1592 2444 Hadriani
1637 2381 1942 2464 pincerna
1988 2380 2324 2464 complevi.

693 2491 927 2545 Albinus
963 2492 1050 2546 lib.
1081 2491 1184 2545 XI
1208 2508 1254 2546 c.
1281 2499 1362 2547 29.
1427 2491 1653 2547 Oeneius
1687 2509 1733 2548 c.
1772 2500 1885 2548 100.
1926 2523 1990 2532 -
2027 2492 2137 2547 Ed.
2166 2492 2649 2548 Fawc-Ducloesne
2675 2492 2838 2548 1386.
2866 2523 2932 2532 -
2958 2491 3090 2561 Ray.
3125 2491 3233 2545 JL.
3272 2519 3355 2546 -.
