4055 6069
1396 484 1586 541 Laudo
1623 515 1684 525 —
1723 479 1872 541 Eccl.
1908 503 1950 540 s.
1978 484 2130 541 Petri
2168 485 2235 541 de
2274 485 2538 541 Canneto.
3287 492 3405 553 ¹65

525 659 609 725 *2
2865 660 3290 724 1099—1118

525 765 931 832 Paschalis
975 767 1046 831 II
1101 768 1274 833 locat
1329 769 1395 831 in
1441 768 1694 832 tertiam
1740 768 2224 852 generationem
2280 765 2553 830 dominis
2599 763 2681 829 de
2726 660 3081 829 Frdsinone
3126 662 3403 829 castr)um

524 870 894 936 Frusinonis
938 872 1054 937 sub
1100 892 1291 937 censu
1339 892 1548 936 annuo
1597 874 1634 936 3
1667 871 1782 934 sol.
1829 891 1962 935 aur.

729 982 910 1039 Laud.
944 988 1009 1038 ut
1042 1001 1096 1039 n.
1124 992 1167 1039 1.
1203 1013 1269 1023 -
1307 982 1435 1052 περ.
1473 981 1581 1037 JL.
1619 988 1771 1037 6588.

523 1087 604 1152 *3
2918 1084 3318 1168 (1159-73)

525 1193 977 1260 Alexander
1019 1192 1124 1257 ΠΙ
1178 1191 1442 1279 Egidio‚
1496 1192 1764 1277 Pagano
1824 1197 1891 1255 et
1934 1190 2243 1256 Roffredo
2287 1187 2819 1253 Frusionensibus
2883 1191 3196 1274 permittit
3238 1191 3403 1255 infra

526 1299 934 1383 territorium,
982 1297 1153 1383 quod
1196 1296 1507 1361 Aletrinis
1551 1300 1989 1377 concesserat,
2044 1294 2353 1381 quasdam
2407 1294 2844 1377 possessiones
2889 1294 3153 1378 pacifice
3198 1295 3401 1379 possi-

525 1401 699 1487 dere,
745 1402 936 1467 salvis
980 1402 1266 1467 terminis
1309 1401 1507 1485 ipsius
1551 1400 1872 1466 territorii.

731 1512 912 1567 Laud.
949 1513 1012 1566 in
1046 1529 1100 1568 n.
1132 1519 1179 1568 5.
1214 1541 1282 1551 —
1322 1511 1452 1581 Ray.
1489 1510 1597 1566 JL.
1637 1541 1720 1565 ——.

522 1617 602 1679 *4
2820 1613 3024 1695 (1173
3065 1633 3210 1695 any.
3245 1615 3315 1695 7)

524 1718 972 1785 Alexander
1014 1717 1119 1782 ΠΙ
1152 1717 1392 1783 decidit
1433 1737 1551 1801 per
1579 1715 1944 1780 iudicialem
1976 1716 2359 1780 sententiam
2394 1717 2834 1800 quaestionem
2879 1717 3046 1780 inter
3078 1716 3402 1781 Alatrinos

526 1830 592 1889 et
633 1824 1094 1888 Frusionenses
1140 1821 1221 1886 de
1267 1820 1514 1905 Campo
1558 1820 1722 1904 flori,
1769 1818 1878 1883 diu
1922 1820 1986 1883 in
2032 1820 2396 1903 praesentia
2442 1840 2556 1884 sua
2601 1819 2991 1885 ventilatam.

901 1951 950 1987 v.
990 1931 1187 1999 Alatri,
1225 1930 1342 1987 Civ.
1378 1948 1432 1986 n.
1458 1931 1508 1987 2.

521 2038 600 2101 *5
2914 2037 3316 2118 (1173—74)

522 2140 984 2208 Alexander
1039 2139 1172 2224 111,
1226 2139 1745 2205 Frusionensium
1805 2138 2172 2224 superbiam
2219 2136 2656 2222 considerans,
2710 2147 2975 2223 propter
3019 2160 3238 2204 eorum
3285 2160 3400 2205 ex·

524 2267 770 2312 cessum
816 2244 1195 2310 auctoritate
1240 2249 1444 2328 apost.
1476 2243 1786 2309 Aletrinis
1832 2240 2158 2307 adiudicat
2200 2240 2635 2326 possessiones
2679 2243 2969 2326 superius
3012 2249 3400 2308 memoratas

521 2361 615 2433 (n.
654 2351 715 2413 3.
755 2351 847 2429 4).

898 2476 949 2513 v.
987 2456 1184 2524 Alatri,
1221 2455 1339 2513 Oiv.
1375 2475 1429 2513 n.
1454 2457 1503 2511 3.

1388 2696 1711 2765 Ecclesia
1754 2714 1811 2765 s·
1847 2696 2095 2766 Crucis
2139 2696 2216 2764 in
2260 2696 2537 2766 Castro.

738 2857 1032 2923 Castrum
1078 2855 1415 2941 oppidum,
1472 2862 1538 2921 et
1580 2856 1648 2919 in
1690 2856 1858 2921 Ann.
1906 2855 2178 2921 Ceccan.
2226 2857 2358 2921 sive
2404 2855 2639 2921 Chron.
2686 2854 2929 2921 Fossae
2973 2876 3180 2920 novae
3227 2862 3294 2921 et
3335 2857 3400 2920 in

519 2963 871 3049 privilegiis
916 2961 1282 3026 Verulanae
1330 2961 1642 3027 ecclesiae
1690 2962 1947 3047 saepius
1990 2966 2440 3046 memoratum,
2485 2961 2753 3046 periisse
2797 2959 3068 3025 videtur.

515 3136 596 3200 *1
1304 3095 1310 3101 ι
2530 3133 2753 3201 Castro
2799 3133 2967 3198 1151
3009 3131 3198 3214 april.
3228 3135 3317 3198 22

516 3238 908 3325 Eugenius
952 3238 1056 3302 III
1102 3237 1359 3304 dedicat
1403 3239 1741 3304 ecclesiam
1787 3260 1836 3302 s.
1871 3237 2092 3304 Crucis
2137 3236 2250 3318 (10
2280 3238 2412 3302 kal.
2446 3238 2646 3324 mai.).

723 3348 905 3403 Laud.
949 3349 1012 3402 in
1062 3348 1259 3404 G'hron.
1296 3348 1500 3404 Fossae
1532 3365 1699 3404 novae
1743 3348 1846 3417 (ed.
1888 3349 2168 3403 Muraton'
2214 3338 2350 3404 Sor(
2369 3348 2490 3403 VH
2520 3352 2646 3418 870)
2693 3349 2799 3403 sive
2844 3348 2994 3402 Ama.
3035 3347 3258 3404 Ccccan.
3294 3348 3396 3417 (ed.

519 3434 672 3491 Mon.
712 3434 885 3490 om.
920 3435 1034 3490 scr.
1074 3434 1246 3489 xlx
1268 3440 1401 3502 283).
1430 3465 1497 3474 --
1536 3434 1661 3504 Roy-
1698 3434 1806 3492 JL.
1844 3465 1926 3491 .-.

1374 3709 1697 3778 Ecclesia
1740 3727 1798 3777 s·
1828 3710 2036 3778 Petri
2083 3710 2169 3777 de
2215 3708 2550 3779 canneto.

731 3868 1091 3934 Cannetum
1135 3868 1269 3933 sive
1314 3867 1605 3933 Canneta
1650 3866 1978 3953 oppidum,
2025 3866 2201 3953 quod
2241 3869 2523 3953 positum
2568 3868 2689 3932 fuit
2731 3869 2798 3948 in
2838 3867 3002 3952 loco,
3048 3867 3158 3932 ubi
3203 3868 3397 3934 hodie

513 3972 698 4057 Colli,
749 3971 923 4037 haud
965 3972 1189 4056 procul
1242 3970 1323 4036 ab
1369 3971 1610 4056 oppido
1664 3971 1885 4036 Monte
1943 3971 2074 4037 San
2118 3971 2438 4036 Giovanni
2491 3969 2600 4056 (cf.
2649 3972 2945 4036 Mai-occo
2993 3971 3394 4037 Monumenti

416 4131 423 4136 ,
513 4076 610 4140 IV
660 4079 810 4153 142;
853 4074 1442 4141 Fabre·Duchesne
1488 4074 1522 4138 Ι
1571 4080 1649 4139 14
1693 4073 1891 4159 not.)‚
1951 4076 2122 4141 inter
2174 4077 2610 4160 possessiones
2670 4075 2983 4140 ecclesiae
3028 4074 3396 4141 Verulanae

515 4186 908 4245 memoratur
966 4181 1098 4244 iam
1158 4178 1224 4242 in
1286 4177 1584 4264 Gregorii
1632 4177 1769 4243 VII
1846 4177 2022 4244 bulla
2087 4200 2206 4264 pro
2280 4181 2659 4265 episcopatu
2710 4178 3040 4244 Verulano
3109 4200 3166 4243 a.
3228 4184 3385 4245 1081

513 4283 599 4366 (v.
629 4283 884 4366 Veroli,
943 4283 1157 4368 Episc.
1213 4304 1274 4346 n.
1314 4281 1397 4367 1).
1497 4282 1574 4346 In
1633 4283 1986 4368 privilegiis
2053 4291 2272 4350 autem
2338 4282 2487 4364 inde
2549 4282 2631 4348 ab
2684 4282 2947 4349 Urbano
2992 4282 3062 4346 Π
3121 4286 3396 4348 occurrit

516 4389 966 4453 canonicorum
1013 4387 1471 4452 monasterium
1516 4408 1565 4451 s.
1598 4386 1778 4452 Petri
1837 4386 1918 4452 de
1965 4387 2254 4454 Canneto
2302 4389 2478 4454 velut
2531 4387 2889 4453 subiectum
2925 4387 3395 4452 Verulanorum

517 4493 963 4576 episcoporum
1024 4490 1443 4575 dispositioni.
1547 4490 1735 4557 Unde
1797 4491 1944 4556 lites
2012 4492 2180 4558 inter
2223 4492 2585 4558 Verulanos
2638 4492 2954 4558 antistites
3012 4496 3078 4556 et
3131 4491 3396 4557 clericos

516 4617 565 4658 s.
597 4594 776 4660 Petri
824 4593 904 4659 de
962 4593 1273 4659 Oanneto.
1380 4593 1485 4658 Illi
1546 4593 1711 4659 hanc
1770 4594 2109 4660 ecclesiam
2176 4595 2261 4660 ad
2317 4596 2801 4682 dispositionem
2857 4616 3038 4660 suam
3095 4594 3397 4660 volebant

513 4697 839 4762 vindicare
907 4703 973 4762 et
1032 4703 1164 4762 tam
1210 4696 1512 4762 abbatem
1565 4697 1806 4763 ibidem
1863 4700 2194 4764 instituere
2254 4721 2446 4785 quam
2505 4698 2586 4765 de
2641 4699 2783 4764 aliis
2838 4700 3019 4764 iuxta
3064 4698 3393 4763 arbitrium

514 4823 669 4867 suae
726 4800 1072 4865 voluntatis
1131 4799 1499 4886 disponere3
1554 4801 1620 4865 hi
1675 4801 2014 4867 ecclesiam
2073 4825 2256 4870 suam
2314 4804 2397 4869 ad
2449 4806 2548 4868 ius
2598 4803 2661 4868 b.
2701 4802 2883 4869 Petri
2941 4809 3007 4868 et
3056 4803 3392 4869 Romanae

514 4905 826 4971 ecclesiae
882 4906 1348 4989 proprietatem
1414 4911 1608 4990 atque
1666 4903 1750 4969 ad
1818 4904 2305 4991 dispositionem
2360 4910 2591 4972 summi
2649 4907 2968 4992 pontificis
3028 4905 3395 4991 specialiter

513 5009 838 5093 pertinere
904 5013 1271 5073 constanter
1335 5007 1809 5074 asseverabant.
1920 5009 2039 5075 Oui
2108 5013 2581 5077 controversiae
2648 5010 3026 5075 Alexander
3082 5009 3215 5094 ΙΙΙ,
3284 5011 3394 5095 qui

511 5135 569 5179 a.
607 5115 772 5178 1170
817 5120 1002 5177 mart.
1042 5117 1107 5176 11
1165 5112 1370 5196 ipsam
1417 5112 1755 5178 ecclesiam
1799 5114 2082 5180 visitavit
2124 5114 2390 5201 (Chron.
2422 5115 2665 5179 Fossae
2710 5133 2916 5178 novae
2949 5113 3050 5178 ed.
3082 5114 3390 5179 Muratori

513 5216 645 5281 Ser.
678 5214 810 5281 VII
856 5219 979 5282 874
1026 5218 1160 5281 sive
1204 5216 1371 5281 Ann.
1418 5217 1690 5283 Oeccan.
1738 5222 1842 5287 ed.
1876 5221 2048 5287 Mon.
2082 5221 2304 5287 Germ.
2337 5221 2469 5286 Sor.
2500 5219 2669 5284 XIX
2699 5217 2874 5304 286),
2920 5218 3112 5283 finem
3156 5219 3389 5303 posuit.
