<?xml version="1.0" encoding="UTF-8"?>
<!DOCTYPE html PUBLIC "-//W3C//DTD XHTML 1.0 Transitional//EN"
    "http://www.w3.org/TR/xhtml1/DTD/xhtml1-transitional.dtd">
<html xmlns="http://www.w3.org/1999/xhtml" xml:lang="en" lang="en">
 <head>
  <title>
</title>
<meta http-equiv="Content-Type" content="text/html;charset=utf-8" />
  <meta name='ocr-system' content='tesseract 3.04.00' />
  <meta name='ocr-capabilities' content='ocr_page ocr_carea ocr_par ocr_line ocrx_word'/>
</head>
<body>
  <div class='ocr_page' id='page_1' title='image "./italiapontifici00gtgoog_0067.png"; bbox 0 0 4055 6069; ppageno 0'>
   <div class='ocr_carea' id='block_1_1' title="bbox 703 379 2257 453">
    <p class='ocr_par' dir='ltr' id='par_1_1' title="bbox 703 379 2257 453">
     <span class='ocr_line' id='line_1_1' title="bbox 703 379 2257 453; baseline -0.008 -1"><span class='ocrx_word' id='word_1_1' title='bbox 703 386 784 453; x_wconf 82' lang='grc'>34</span> <span class='ocrx_word' id='word_1_2' title='bbox 2018 379 2257 440; x_wconf 87' lang='lat' dir='ltr'>Latium.</span> 
     </span>
    </p>
   </div>
   <div class='ocr_carea' id='block_1_2' title="bbox 2008 642 2278 711">
    <p class='ocr_par' dir='ltr' id='par_1_2' title="bbox 2008 642 2278 711">
     <span class='ocr_line' id='line_1_2' title="bbox 2008 642 2278 711; baseline 0.011 -2"><span class='ocrx_word' id='word_1_3' title='bbox 2008 642 2278 711; x_wconf 80' lang='lat' dir='ltr'>Aricia.</span> 
     </span>
    </p>
   </div>
   <div class='ocr_carea' id='block_1_3' title="bbox 702 780 3581 1113">
    <p class='ocr_par' dir='ltr' id='par_1_3' title="bbox 702 780 3581 1113">
     <span class='ocr_line' id='line_1_3' title="bbox 907 780 3578 855; baseline 0 -18"><span class='ocrx_word' id='word_1_4' title='bbox 907 781 1064 838; x_wconf 88' lang='lat' dir='ltr'>Dom.</span> <span class='ocrx_word' id='word_1_5' title='bbox 1101 781 1137 837; x_wconf 88' lang='lat' dir='ltr'><strong>J</strong></span> <span class='ocrx_word' id='word_1_6' title='bbox 1146 780 1476 837; x_wconf 84' lang='lat' dir='ltr'>acovacci</span> <span class='ocrx_word' id='word_1_7' title='bbox 1513 780 1700 837; x_wconf 89' lang='lat' dir='ltr'>Storia</span> <span class='ocrx_word' id='word_1_8' title='bbox 1735 780 1793 836; x_wconf 94' lang='lat' dir='ltr'>di</span> <span class='ocrx_word' id='word_1_9' title='bbox 1830 781 2076 848; x_wconf 86' lang='lat' dir='ltr'>Ariccia,</span> <span class='ocrx_word' id='word_1_10' title='bbox 2114 801 2157 839; x_wconf 88' lang='lat' dir='ltr'>s.</span> <span class='ocrx_word' id='word_1_11' title='bbox 2182 781 2358 849; x_wconf 87' lang='lat' dir='ltr'>XVII,</span> <span class='ocrx_word' id='word_1_12' title='bbox 2396 780 2587 838; x_wconf 84' lang='lat' dir='ltr'>Aricia</span> <span class='ocrx_word' id='word_1_13' title='bbox 2622 781 2766 839; x_wconf 86' lang='lat' dir='ltr'>Bibl.</span> <span class='ocrx_word' id='word_1_14' title='bbox 2794 782 2960 855; x_wconf 82' lang='lat' dir='ltr'>Chigi</span> <span class='ocrx_word' id='word_1_15' title='bbox 2993 784 3159 854; x_wconf 86' lang='lat' dir='ltr'>(teste</span> <span class='ocrx_word' id='word_1_16' title='bbox 3197 782 3394 839; x_wconf 88' lang='lat' dir='ltr'>Lucidi</span> <span class='ocrx_word' id='word_1_17' title='bbox 3430 802 3486 854; x_wconf 89' lang='lat' dir='ltr'>p.</span> <span class='ocrx_word' id='word_1_18' title='bbox 3511 782 3578 852; x_wconf 89' lang='lat'>3).</span> 
     </span>
     <span class='ocr_line' id='line_1_4' title="bbox 702 866 3579 939; baseline 0 -15"><span class='ocrx_word' id='word_1_19' title='bbox 702 900 766 911; x_wconf 90' lang='lat'>—</span> <span class='ocrx_word' id='word_1_20' title='bbox 793 868 855 925; x_wconf 78' lang='lat' dir='ltr'>E.</span> <span class='ocrx_word' id='word_1_21' title='bbox 884 868 1125 925; x_wconf 88' lang='lat' dir='ltr'>Lucidi</span> <span class='ocrx_word' id='word_1_22' title='bbox 1162 866 1425 925; x_wconf 77' lang='lat' dir='ltr'>Memorio</span> <span class='ocrx_word' id='word_1_23' title='bbox 1450 867 1691 924; x_wconf 86' lang='lat' dir='ltr'>storiche</span> <span class='ocrx_word' id='word_1_24' title='bbox 1717 867 1847 922; x_wconf 87' lang='lat' dir='ltr'>dell’</span> <span class='ocrx_word' id='word_1_25' title='bbox 1873 868 2259 924; x_wconf 86' lang='lat' dir='ltr'>antichissimo</span> <span class='ocrx_word' id='word_1_26' title='bbox 2285 868 2593 939; x_wconf 89' lang='lat' dir='ltr'>municipio</span> <span class='ocrx_word' id='word_1_27' title='bbox 2630 886 2727 924; x_wconf 86' lang='lat' dir='ltr'>ora</span> <span class='ocrx_word' id='word_1_28' title='bbox 2751 872 2901 924; x_wconf 83' lang='lat' dir='ltr'>terra</span> <span class='ocrx_word' id='word_1_29' title='bbox 2937 869 3069 924; x_wconf 89' lang='lat' dir='ltr'>dell&#39;</span> <span class='ocrx_word' id='word_1_30' title='bbox 3107 870 3330 926; x_wconf 84' lang='lat' dir='ltr'>Ariccia</span> <span class='ocrx_word' id='word_1_31' title='bbox 3365 887 3395 926; x_wconf 91' lang='lat' dir='ltr'>e</span> <span class='ocrx_word' id='word_1_32' title='bbox 3432 869 3579 926; x_wconf 85' lang='lat' dir='ltr'>delle</span> 
     </span>
     <span class='ocr_line' id='line_1_5' title="bbox 702 954 3581 1028; baseline 0 -17"><span class='ocrx_word' id='word_1_33' title='bbox 702 973 799 1011; x_wconf 88' lang='lat' dir='ltr'>sue</span> <span class='ocrx_word' id='word_1_34' title='bbox 837 955 1051 1011; x_wconf 88' lang='lat' dir='ltr'>colonie</span> <span class='ocrx_word' id='word_1_35' title='bbox 1087 955 1349 1011; x_wconf 83' lang='lat' dir='ltr'>Genzano</span> <span class='ocrx_word' id='word_1_36' title='bbox 1373 973 1405 1011; x_wconf 87' lang='lat' dir='ltr'>e</span> <span class='ocrx_word' id='word_1_37' title='bbox 1429 954 1594 1010; x_wconf 83' lang='lat' dir='ltr'>Nemi</span> <span class='ocrx_word' id='word_1_38' title='bbox 1632 955 1719 1020; x_wconf 91' lang='lat' dir='ltr'>(In</span> <span class='ocrx_word' id='word_1_39' title='bbox 1745 954 1921 1011; x_wconf 87' lang='lat' dir='ltr'>Roma</span> <span class='ocrx_word' id='word_1_40' title='bbox 1949 956 2119 1025; x_wconf 84' lang='lat'>1796).</span> <span class='ocrx_word' id='word_1_41' title='bbox 2146 986 2214 996; x_wconf 92' lang='lat'>—</span> <span class='ocrx_word' id='word_1_42' title='bbox 2241 956 2311 1011; x_wconf 88' lang='lat' dir='ltr'>N.</span> <span class='ocrx_word' id='word_1_43' title='bbox 2333 955 2532 1011; x_wconf 83' lang='lat' dir='ltr'>Batti</span> <span class='ocrx_word' id='word_1_44' title='bbox 2568 954 2753 1011; x_wconf 84' lang='lat' dir='ltr'>Storia</span> <span class='ocrx_word' id='word_1_45' title='bbox 2788 955 2846 1010; x_wconf 90' lang='lat' dir='ltr'>di</span> <span class='ocrx_word' id='word_1_46' title='bbox 2881 957 3142 1012; x_wconf 86' lang='lat' dir='ltr'>Genzano</span> <span class='ocrx_word' id='word_1_47' title='bbox 3177 958 3378 1028; x_wconf 77' lang='lat' dir='ltr'>(Roma</span> <span class='ocrx_word' id='word_1_48' title='bbox 3407 957 3581 1023; x_wconf 82' lang='lat'>1797).</span> 
     </span>
     <span class='ocr_line' id='line_1_6' title="bbox 702 1041 1637 1113; baseline -0.001 -15"><span class='ocrx_word' id='word_1_49' title='bbox 702 1075 769 1084; x_wconf 90' lang='lat'>—</span> <span class='ocrx_word' id='word_1_50' title='bbox 806 1042 1035 1113; x_wconf 77' lang='lat' dir='ltr'>Nibby</span> <span class='ocrx_word' id='word_1_51' title='bbox 1069 1041 1286 1098; x_wconf 83' lang='lat' dir='ltr'>Analisi</span> <span class='ocrx_word' id='word_1_52' title='bbox 1326 1042 1398 1096; x_wconf 80' lang='lat'>²1</span> <span class='ocrx_word' id='word_1_53' title='bbox 1433 1043 1637 1111; x_wconf 80' lang='lat' dir='ltr'>244sq.</span> 
     </span>
    </p>
   </div>
   <div class='ocr_carea' id='block_1_4' title="bbox 703 1198 3582 1598">
    <p class='ocr_par' dir='ltr' id='par_1_4' title="bbox 703 1198 3582 1598">
     <span class='ocr_line' id='line_1_7' title="bbox 917 1198 3581 1285; baseline 0 -21"><span class='ocrx_word' id='word_1_54' title='bbox 917 1200 1157 1283; x_wconf 85' lang='lat' dir='ltr'>Aricia,</span> <span class='ocrx_word' id='word_1_55' title='bbox 1204 1199 1646 1285; x_wconf 88' lang='lat' dir='ltr'>antiquissima</span> <span class='ocrx_word' id='word_1_56' title='bbox 1691 1198 1944 1283; x_wconf 76' lang='lat' dir='ltr'>civitae,</span> <span class='ocrx_word' id='word_1_57' title='bbox 2003 1220 2043 1263; x_wconf 89' lang='lat' dir='ltr'>a</span> <span class='ocrx_word' id='word_1_58' title='bbox 2087 1199 2402 1264; x_wconf 88' lang='lat' dir='ltr'>Paschale</span> <span class='ocrx_word' id='word_1_59' title='bbox 2450 1200 2518 1264; x_wconf 93' lang='lat' dir='ltr'>II</span> <span class='ocrx_word' id='word_1_60' title='bbox 2561 1200 2942 1266; x_wconf 81' lang='lat' dir='ltr'>Ptolomaeo</span> <span class='ocrx_word' id='word_1_61' title='bbox 2999 1203 3217 1267; x_wconf 90' lang='lat' dir='ltr'>comiti</span> <span class='ocrx_word' id='word_1_62' title='bbox 3262 1223 3344 1267; x_wconf 88' lang='lat' dir='ltr'>ex</span> <span class='ocrx_word' id='word_1_63' title='bbox 3388 1207 3581 1285; x_wconf 89' lang='lat' dir='ltr'>gente</span> 
     </span>
     <span class='ocr_line' id='line_1_8' title="bbox 708 1300 3582 1389; baseline -0 -21"><span class='ocrx_word' id='word_1_64' title='bbox 708 1306 1014 1369; x_wconf 88' lang='lat' dir='ltr'>comitum</span> <span class='ocrx_word' id='word_1_65' title='bbox 1062 1303 1566 1368; x_wconf 83' lang='lat' dir='ltr'>Tusculanorum</span> <span class='ocrx_word' id='word_1_66' title='bbox 1613 1323 1916 1367; x_wconf 90' lang='lat' dir='ltr'>concessa</span> <span class='ocrx_word' id='word_1_67' title='bbox 1961 1300 2050 1387; x_wconf 91' lang='lat' dir='ltr'>(n.</span> <span class='ocrx_word' id='word_1_68' title='bbox 2084 1305 2173 1389; x_wconf 82' lang='lat'>2),</span> <span class='ocrx_word' id='word_1_69' title='bbox 2221 1302 2302 1368; x_wconf 94' lang='lat' dir='ltr'>ab</span> <span class='ocrx_word' id='word_1_70' title='bbox 2346 1303 2721 1368; x_wconf 86' lang='lat' dir='ltr'>Alexandro</span> <span class='ocrx_word' id='word_1_71' title='bbox 2767 1303 2873 1367; x_wconf 90' lang='lat'>111</span> <span class='ocrx_word' id='word_1_72' title='bbox 2914 1303 3368 1370; x_wconf 82' lang='lat' dir='ltr'>Malabrancae</span> <span class='ocrx_word' id='word_1_73' title='bbox 3415 1307 3582 1369; x_wconf 91' lang='lat' dir='ltr'>eius-</span> 
     </span>
     <span class='ocr_line' id='line_1_9' title="bbox 704 1405 3582 1494; baseline -0 -21"><span class='ocrx_word' id='word_1_74' title='bbox 704 1430 828 1494; x_wconf 91' lang='lat' dir='ltr'>que</span> <span class='ocrx_word' id='word_1_75' title='bbox 874 1409 1020 1473; x_wconf 88' lang='lat' dir='ltr'>filiis</span> <span class='ocrx_word' id='word_1_76' title='bbox 1065 1409 1129 1472; x_wconf 91' lang='lat' dir='ltr'>in</span> <span class='ocrx_word' id='word_1_77' title='bbox 1174 1407 1439 1473; x_wconf 86' lang='lat' dir='ltr'>feudum</span> <span class='ocrx_word' id='word_1_78' title='bbox 1484 1407 1636 1472; x_wconf 89' lang='lat' dir='ltr'>data</span> <span class='ocrx_word' id='word_1_79' title='bbox 1683 1405 1770 1491; x_wconf 92' lang='lat' dir='ltr'>(n.</span> <span class='ocrx_word' id='word_1_80' title='bbox 1805 1406 2022 1492; x_wconf 84' lang='lat'>3—5),</span> <span class='ocrx_word' id='word_1_81' title='bbox 2068 1407 2151 1472; x_wconf 89' lang='lat' dir='ltr'>ab</span> <span class='ocrx_word' id='word_1_82' title='bbox 2192 1407 2484 1472; x_wconf 89' lang='lat' dir='ltr'>Honorio</span> <span class='ocrx_word' id='word_1_83' title='bbox 2515 1406 2620 1471; x_wconf 94' lang='lat' dir='ltr'>III</span> <span class='ocrx_word' id='word_1_84' title='bbox 2667 1406 2943 1492; x_wconf 90' lang='lat' dir='ltr'>denique</span> <span class='ocrx_word' id='word_1_85' title='bbox 2989 1430 3045 1473; x_wconf 91' lang='lat' dir='ltr'>a.</span> <span class='ocrx_word' id='word_1_86' title='bbox 3085 1411 3246 1474; x_wconf 81' lang='lat'><strong>1223</strong></span> <span class='ocrx_word' id='word_1_87' title='bbox 3292 1409 3354 1474; x_wconf 89' lang='lat' dir='ltr'>b.</span> <span class='ocrx_word' id='word_1_88' title='bbox 3386 1409 3582 1474; x_wconf 90' lang='lat' dir='ltr'>Petro</span> 
     </span>
     <span class='ocr_line' id='line_1_10' title="bbox 703 1509 3582 1598; baseline 0 -22"><span class='ocrx_word' id='word_1_89' title='bbox 703 1514 997 1578; x_wconf 87' lang='lat' dir='ltr'>restituta</span> <span class='ocrx_word' id='word_1_90' title='bbox 1043 1521 1142 1577; x_wconf 89' lang='lat' dir='ltr'>est</span> <span class='ocrx_word' id='word_1_91' title='bbox 1184 1511 1292 1598; x_wconf 85' lang='lat' dir='ltr'>(cf.</span> <span class='ocrx_word' id='word_1_92' title='bbox 1342 1511 1562 1577; x_wconf 86' lang='lat' dir='ltr'>Cencii</span> <span class='ocrx_word' id='word_1_93' title='bbox 1605 1511 1748 1576; x_wconf 87' lang='lat' dir='ltr'>Lib.</span> <span class='ocrx_word' id='word_1_94' title='bbox 1795 1528 1964 1576; x_wconf 87' lang='lat' dir='ltr'>cens.</span> <span class='ocrx_word' id='word_1_95' title='bbox 2012 1509 2075 1576; x_wconf 82' lang='lat' dir='ltr'>S.</span> <span class='ocrx_word' id='word_1_96' title='bbox 2103 1511 2183 1576; x_wconf 84' lang='lat' dir='ltr'>R.</span> <span class='ocrx_word' id='word_1_97' title='bbox 2215 1510 2290 1576; x_wconf 86' lang='lat' dir='ltr'>E.</span> <span class='ocrx_word' id='word_1_98' title='bbox 2337 1533 2391 1576; x_wconf 92' lang='lat' dir='ltr'>c.</span> <span class='ocrx_word' id='word_1_99' title='bbox 2425 1515 2548 1578; x_wconf 86' lang='lat'>203</span> <span class='ocrx_word' id='word_1_100' title='bbox 2591 1511 2693 1576; x_wconf 90' lang='lat' dir='ltr'>ed.</span> <span class='ocrx_word' id='word_1_101' title='bbox 2724 1511 3312 1579; x_wconf 85' lang='lat' dir='ltr'>Fabre-Duchesne</span> <span class='ocrx_word' id='word_1_102' title='bbox 3344 1513 3378 1576; x_wconf 94' lang='lat' dir='ltr'>I</span> <span class='ocrx_word' id='word_1_103' title='bbox 3409 1512 3582 1597; x_wconf 84' lang='lat'>455).</span> 
     </span>
    </p>
   </div>
   <div class='ocr_carea' id='block_1_5' title="bbox 702 1686 3585 2388">
    <p class='ocr_par' dir='ltr' id='par_1_5' title="bbox 702 1686 3585 1978">
     <span class='ocr_line' id='line_1_11' title="bbox 702 1686 3497 1769; baseline 0 -20"><span class='ocrx_word' id='word_1_104' title='bbox 702 1686 784 1749; x_wconf 71' lang='lat'>*1</span> <span class='ocrx_word' id='word_1_105' title='bbox 3136 1686 3497 1769; x_wconf 88' lang='lat'><em>(715—31)</em></span> 
     </span>
     <span class='ocr_line' id='line_1_12' title="bbox 705 1787 3585 1876; baseline 0 -21"><span class='ocrx_word' id='word_1_106' title='bbox 705 1790 1138 1876; x_wconf 79' lang='lat' dir='ltr'>Gregorius</span> <span class='ocrx_word' id='word_1_107' title='bbox 1181 1788 1251 1853; x_wconf 94' lang='lat' dir='ltr'>II</span> <span class='ocrx_word' id='word_1_108' title='bbox 1301 1789 1544 1854; x_wconf 89' lang='lat' dir='ltr'>Basilio</span> <span class='ocrx_word' id='word_1_109' title='bbox 1591 1808 1650 1852; x_wconf 84' lang='lat' dir='ltr'>v.</span> <span class='ocrx_word' id='word_1_110' title='bbox 1691 1787 1755 1852; x_wconf 92' lang='lat' dir='ltr'>h.</span> <span class='ocrx_word' id='word_1_111' title='bbox 1799 1788 1972 1853; x_wconf 88' lang='lat' dir='ltr'>locat</span> <span class='ocrx_word' id='word_1_112' title='bbox 2016 1788 2336 1853; x_wconf 90' lang='lat' dir='ltr'>coloniam</span> <span class='ocrx_word' id='word_1_113' title='bbox 2378 1788 2599 1853; x_wconf 86' lang='lat' dir='ltr'>Aluini</span> <span class='ocrx_word' id='word_1_114' title='bbox 2653 1809 2737 1853; x_wconf 86' lang='lat' dir='ltr'>ex</span> <span class='ocrx_word' id='word_1_115' title='bbox 2782 1809 3050 1874; x_wconf 86' lang='lat' dir='ltr'>corpore</span> <span class='ocrx_word' id='word_1_116' title='bbox 3104 1810 3354 1856; x_wconf 80' lang='lat' dir='ltr'>massae</span> <span class='ocrx_word' id='word_1_117' title='bbox 3402 1789 3585 1855; x_wconf 89' lang='lat' dir='ltr'>Ocris</span> 
     </span>
     <span class='ocr_line' id='line_1_13' title="bbox 703 1893 1562 1978; baseline -0.002 -20"><span class='ocrx_word' id='word_1_118' title='bbox 703 1898 868 1978; x_wconf 89' lang='lat' dir='ltr'>patr.</span> <span class='ocrx_word' id='word_1_119' title='bbox 913 1894 1170 1978; x_wconf 86' lang='lat' dir='ltr'>Appiae</span> <span class='ocrx_word' id='word_1_120' title='bbox 1214 1895 1281 1957; x_wconf 89' lang='lat' dir='ltr'>in</span> <span class='ocrx_word' id='word_1_121' title='bbox 1323 1893 1562 1958; x_wconf 87' lang='lat' dir='ltr'>Aricia.</span> 
     </span>
    </p>

    <p class='ocr_par' dir='ltr' id='par_1_6' title="bbox 703 2002 3500 2279">
     <span class='ocr_line' id='line_1_14' title="bbox 1083 2002 1994 2076; baseline 0 -18"><span class='ocrx_word' id='word_1_122' title='bbox 1083 2022 1134 2060; x_wconf 80' lang='lat' dir='ltr'>v,</span> <span class='ocrx_word' id='word_1_123' title='bbox 1169 2002 1576 2061; x_wconf 75' lang='lat' dir='ltr'>Patrimonium</span> <span class='ocrx_word' id='word_1_124' title='bbox 1611 2004 1833 2076; x_wconf 78' lang='lat' dir='ltr'>Appiae</span> <span class='ocrx_word' id='word_1_125' title='bbox 1868 2023 1920 2059; x_wconf 88' lang='lat' dir='ltr'>n.</span> <span class='ocrx_word' id='word_1_126' title='bbox 1947 2005 1994 2060; x_wconf 86' lang='lat'>9.</span> 
     </span>
     <span class='ocr_line' id='line_1_15' title="bbox 703 2106 3500 2193; baseline 0.008 -44"><span class='ocrx_word' id='word_1_127' title='bbox 703 2110 786 2176; x_wconf 69' lang='lat'>*2</span> <span class='ocrx_word' id='word_1_128' title='bbox 3269 2106 3500 2193; x_wconf 85' lang='lat'><em>(1116)</em></span> 
     </span>
     <span class='ocr_line' id='line_1_16' title="bbox 704 2211 2662 2279; baseline -0.002 0"><span class='ocrx_word' id='word_1_129' title='bbox 704 2213 1121 2279; x_wconf 88' lang='lat' dir='ltr'>Paschalis</span> <span class='ocrx_word' id='word_1_130' title='bbox 1164 2211 1235 2276; x_wconf 94' lang='grc' dir='ltr'>Π</span> <span class='ocrx_word' id='word_1_131' title='bbox 1281 2211 1580 2276; x_wconf 86' lang='lat' dir='ltr'>concedit</span> <span class='ocrx_word' id='word_1_132' title='bbox 1622 2211 2005 2276; x_wconf 87' lang='lat' dir='ltr'>Ptolomaeo</span> <span class='ocrx_word' id='word_1_133' title='bbox 2053 2212 2272 2276; x_wconf 89' lang='lat' dir='ltr'>comiti</span> <span class='ocrx_word' id='word_1_134' title='bbox 2314 2211 2662 2276; x_wconf 88' lang='lat' dir='ltr'>Arichiam.</span> 
     </span>
    </p>

    <p class='ocr_par' dir='ltr' id='par_1_7' title="bbox 1078 2322 2266 2388">
     <span class='ocr_line' id='line_1_17' title="bbox 1078 2322 2266 2388; baseline -0.002 -9"><span class='ocrx_word' id='word_1_135' title='bbox 1078 2342 1130 2379; x_wconf 84' lang='lat' dir='ltr'>v.</span> <span class='ocrx_word' id='word_1_136' title='bbox 1169 2322 1361 2388; x_wconf 84' lang='lat' dir='ltr'>Roma,</span> <span class='ocrx_word' id='word_1_137' title='bbox 1398 2322 1645 2379; x_wconf 84' lang='lat' dir='ltr'>Comites</span> <span class='ocrx_word' id='word_1_138' title='bbox 1681 2323 1749 2379; x_wconf 93' lang='lat' dir='ltr'>de</span> <span class='ocrx_word' id='word_1_139' title='bbox 1786 2322 2103 2379; x_wconf 83' lang='lat' dir='ltr'>Tusculano</span> <span class='ocrx_word' id='word_1_140' title='bbox 2137 2341 2191 2378; x_wconf 92' lang='lat' dir='ltr'>n.</span> <span class='ocrx_word' id='word_1_141' title='bbox 2216 2323 2266 2377; x_wconf 84' lang='lat'>2.</span> 
     </span>
    </p>
   </div>
   <div class='ocr_carea' id='block_1_6' title="bbox 702 2427 3586 2617">
    <p class='ocr_par' dir='ltr' id='par_1_8' title="bbox 702 2427 3586 2617">
     <span class='ocr_line' id='line_1_18' title="bbox 702 2427 3500 2510; baseline -0.001 -15"><span class='ocrx_word' id='word_1_142' title='bbox 702 2434 748 2495; x_wconf 83' lang='lat'><strong><em>3</em></strong></span> <span class='ocrx_word' id='word_1_143' title='bbox 2384 2427 2746 2493; x_wconf 80' lang='lat' dir='ltr'>Tusculano</span> <span class='ocrx_word' id='word_1_144' title='bbox 2791 2429 3196 2508; x_wconf 82' lang='lat'><em>(1171—72)</em></span> <span class='ocrx_word' id='word_1_145' title='bbox 3239 2449 3382 2510; x_wconf 74' lang='lat' dir='ltr'>auq.</span> <span class='ocrx_word' id='word_1_146' title='bbox 3417 2430 3500 2491; x_wconf 88' lang='lat'>18</span> 
     </span>
     <span class='ocr_line' id='line_1_19' title="bbox 704 2531 3586 2617; baseline 0 -20"><span class='ocrx_word' id='word_1_147' title='bbox 704 2531 1157 2597; x_wconf 86' lang='lat' dir='ltr'>Alexander</span> <span class='ocrx_word' id='word_1_148' title='bbox 1200 2531 1306 2597; x_wconf 91' lang='lat'>111</span> <span class='ocrx_word' id='word_1_149' title='bbox 1374 2532 1829 2597; x_wconf 86' lang='lat' dir='ltr'>Malebranche</span> <span class='ocrx_word' id='word_1_150' title='bbox 1874 2532 2170 2598; x_wconf 88' lang='lat' dir='ltr'>Romano</span> <span class='ocrx_word' id='word_1_151' title='bbox 2234 2534 2385 2598; x_wconf 84' lang='lat' dir='ltr'>civi:</span> <span class='ocrx_word' id='word_1_152' title='bbox 2455 2531 2702 2616; x_wconf 87' lang='lat' dir='ltr'>obligat</span> <span class='ocrx_word' id='word_1_153' title='bbox 2759 2532 3044 2595; x_wconf 81' lang='lat' dir='ltr'>Ariciam</span> <span class='ocrx_word' id='word_1_154' title='bbox 3099 2554 3215 2617; x_wconf 90' lang='lat' dir='ltr'>pro</span> <span class='ocrx_word' id='word_1_155' title='bbox 3281 2537 3399 2597; x_wconf 93' lang='grc'><em>100</em></span> <span class='ocrx_word' id='word_1_156' title='bbox 3446 2532 3586 2597; x_wconf 88' lang='lat' dir='ltr'>libr.</span> 
     </span>
    </p>
   </div>
   <div class='ocr_carea' id='block_1_7' title="bbox 704 2637 2115 2787">
    <p class='ocr_par' dir='ltr' id='par_1_9' title="bbox 704 2637 2115 2787">
     <span class='ocr_line' id='line_1_20' title="bbox 704 2637 979 2702; baseline -0.007 0"><span class='ocrx_word' id='word_1_157' title='bbox 704 2637 979 2702; x_wconf 86' lang='lat' dir='ltr'>Proven.</span> 
     </span>
     <span class='ocr_line' id='line_1_21' title="bbox 1086 2719 2115 2787; baseline -0.001 -11"><span class='ocrx_word' id='word_1_158' title='bbox 1086 2740 1137 2777; x_wconf 84' lang='lat' dir='ltr'>v.</span> <span class='ocrx_word' id='word_1_159' title='bbox 1173 2723 1367 2787; x_wconf 88' lang='lat' dir='ltr'>Roma,</span> <span class='ocrx_word' id='word_1_160' title='bbox 1405 2721 1553 2778; x_wconf 86' lang='lat' dir='ltr'>Gens</span> <span class='ocrx_word' id='word_1_161' title='bbox 1586 2719 1953 2777; x_wconf 80' lang='lat' dir='ltr'>Malabranca</span> <span class='ocrx_word' id='word_1_162' title='bbox 1985 2739 2037 2775; x_wconf 91' lang='lat' dir='ltr'>n.</span> <span class='ocrx_word' id='word_1_163' title='bbox 2070 2722 2115 2777; x_wconf 92' lang='lat' dir='ltr'>l.</span> 
     </span>
    </p>
   </div>
   <div class='ocr_carea' id='block_1_8' title="bbox 704 2825 3585 3017">
    <p class='ocr_par' dir='ltr' id='par_1_10' title="bbox 704 2825 3585 3017">
     <span class='ocr_line' id='line_1_22' title="bbox 704 2825 3502 2907; baseline -0.001 -16"><span class='ocrx_word' id='word_1_164' title='bbox 704 2831 747 2891; x_wconf 77' lang='lat'><em>4</em></span> <span class='ocrx_word' id='word_1_165' title='bbox 2416 2825 2740 2890; x_wconf 79' lang='lat' dir='ltr'>Laterano</span> <span class='ocrx_word' id='word_1_166' title='bbox 2785 2825 3188 2907; x_wconf 82' lang='lat'><em>(1178-79)</em></span> <span class='ocrx_word' id='word_1_167' title='bbox 3232 2825 3383 2889; x_wconf 76' lang='grc' dir='ltr'>ηιαί.</span> <span class='ocrx_word' id='word_1_168' title='bbox 3418 2826 3502 2887; x_wconf 89' lang='grc'>18</span> 
     </span>
     <span class='ocr_line' id='line_1_23' title="bbox 704 2928 3585 3017; baseline -0.001 -22"><span class='ocrx_word' id='word_1_169' title='bbox 704 2931 1156 2997; x_wconf 82' lang='lat' dir='ltr'>Alexander</span> <span class='ocrx_word' id='word_1_170' title='bbox 1212 2931 1319 2995; x_wconf 93' lang='lat' dir='ltr'>III</span> <span class='ocrx_word' id='word_1_171' title='bbox 1373 2931 1696 3016; x_wconf 74' lang='lat' dir='ltr'>Coi-rado,</span> <span class='ocrx_word' id='word_1_172' title='bbox 1765 2931 2081 3017; x_wconf 86' lang='lat' dir='ltr'>Gregorio</span> <span class='ocrx_word' id='word_1_173' title='bbox 2129 2936 2197 2995; x_wconf 91' lang='lat' dir='ltr'>et</span> <span class='ocrx_word' id='word_1_174' title='bbox 2251 2930 2479 3013; x_wconf 84' lang='lat' dir='ltr'>Petro,</span> <span class='ocrx_word' id='word_1_175' title='bbox 2531 2929 2680 2993; x_wconf 89' lang='lat' dir='ltr'>filiis</span> <span class='ocrx_word' id='word_1_176' title='bbox 2737 2928 3063 3014; x_wconf 89' lang='lat' dir='ltr'>quondam</span> <span class='ocrx_word' id='word_1_177' title='bbox 3107 2928 3585 3012; x_wconf 63' lang='lat' dir='ltr'>Malam-anche,</span> 
     </span>
    </p>
   </div>
   <div class='ocr_carea' id='block_1_9' title="bbox 705 3032 3060 3213">
    <p class='ocr_par' dir='ltr' id='par_1_11' title="bbox 705 3032 3060 3213">
     <span class='ocr_line' id='line_1_24' title="bbox 705 3032 3060 3123; baseline -0.001 -22"><span class='ocrx_word' id='word_1_178' title='bbox 705 3034 1019 3102; x_wconf 89' lang='lat' dir='ltr'>Romanis</span> <span class='ocrx_word' id='word_1_179' title='bbox 1065 3034 1335 3102; x_wconf 78' lang='lat' dir='ltr'>civibus:</span> <span class='ocrx_word' id='word_1_180' title='bbox 1384 3037 1629 3123; x_wconf 87' lang='lat' dir='ltr'>obligat</span> <span class='ocrx_word' id='word_1_181' title='bbox 1674 3043 1953 3102; x_wconf 89' lang='lat' dir='ltr'>castrum</span> <span class='ocrx_word' id='word_1_182' title='bbox 1996 3037 2246 3101; x_wconf 87' lang='lat' dir='ltr'>Aritiae</span> <span class='ocrx_word' id='word_1_183' title='bbox 2292 3057 2409 3121; x_wconf 91' lang='lat' dir='ltr'>pro</span> <span class='ocrx_word' id='word_1_184' title='bbox 2462 3039 2580 3101; x_wconf 87' lang='grc'>100</span> <span class='ocrx_word' id='word_1_185' title='bbox 2612 3032 2754 3098; x_wconf 88' lang='lat' dir='ltr'>libr.</span> <span class='ocrx_word' id='word_1_186' title='bbox 2787 3033 3060 3099; x_wconf 82' lang='lat' dir='ltr'>Proven.</span> 
     </span>
     <span class='ocr_line' id='line_1_25' title="bbox 1086 3146 2112 3213; baseline 0.001 -11"><span class='ocrx_word' id='word_1_187' title='bbox 1086 3166 1136 3202; x_wconf 84' lang='lat' dir='ltr'>v.</span> <span class='ocrx_word' id='word_1_188' title='bbox 1175 3147 1368 3213; x_wconf 84' lang='lat' dir='ltr'>Roma,</span> <span class='ocrx_word' id='word_1_189' title='bbox 1406 3146 1553 3203; x_wconf 83' lang='lat' dir='ltr'>Gens</span> <span class='ocrx_word' id='word_1_190' title='bbox 1587 3148 1950 3204; x_wconf 80' lang='lat' dir='ltr'>Malabranca</span> <span class='ocrx_word' id='word_1_191' title='bbox 1983 3167 2039 3203; x_wconf 90' lang='lat' dir='ltr'>n.</span> <span class='ocrx_word' id='word_1_192' title='bbox 2063 3146 2112 3203; x_wconf 80' lang='lat'>3.</span> 
     </span>
    </p>
   </div>
   <div class='ocr_carea' id='block_1_10' title="bbox 705 3248 3588 3647">
    <p class='ocr_par' dir='ltr' id='par_1_12' title="bbox 709 3248 3505 3334">
     <span class='ocr_line' id='line_1_26' title="bbox 709 3248 3505 3334; baseline -0.001 -19"><span class='ocrx_word' id='word_1_193' title='bbox 709 3252 749 3315; x_wconf 89' lang='lat'><strong><em>5</em></strong></span> <span class='ocrx_word' id='word_1_194' title='bbox 2474 3250 2800 3314; x_wconf 74' lang='lat' dir='ltr'>Laterano</span> <span class='ocrx_word' id='word_1_195' title='bbox 2845 3249 3247 3334; x_wconf 81' lang='lat'><em>(1178—79)</em></span> <span class='ocrx_word' id='word_1_196' title='bbox 3291 3248 3429 3312; x_wconf 79' lang='lat' dir='ltr'>iun.</span> <span class='ocrx_word' id='word_1_197' title='bbox 3461 3249 3505 3312; x_wconf 81' lang='lat'><em>8</em></span> 
     </span>
    </p>

    <p class='ocr_par' dir='ltr' id='par_1_13' title="bbox 705 3351 3585 3440">
     <span class='ocr_line' id='line_1_27' title="bbox 705 3351 3585 3440; baseline -0.002 -20"><span class='ocrx_word' id='word_1_198' title='bbox 705 3356 1160 3421; x_wconf 85' lang='lat' dir='ltr'>Alexander</span> <span class='ocrx_word' id='word_1_199' title='bbox 1203 3356 1310 3420; x_wconf 93' lang='lat' dir='ltr'>III</span> <span class='ocrx_word' id='word_1_200' title='bbox 1355 3355 1677 3438; x_wconf 83' lang='lat' dir='ltr'>Oorrado,</span> <span class='ocrx_word' id='word_1_201' title='bbox 1742 3356 2058 3440; x_wconf 84' lang='lat' dir='ltr'>Gregorio</span> <span class='ocrx_word' id='word_1_202' title='bbox 2117 3360 2184 3420; x_wconf 92' lang='lat' dir='ltr'>et</span> <span class='ocrx_word' id='word_1_203' title='bbox 2235 3355 2462 3438; x_wconf 88' lang='lat' dir='ltr'>Petro,</span> <span class='ocrx_word' id='word_1_204' title='bbox 2521 3353 2668 3417; x_wconf 88' lang='lat' dir='ltr'>filiis</span> <span class='ocrx_word' id='word_1_205' title='bbox 2724 3352 3046 3438; x_wconf 88' lang='lat' dir='ltr'>quondam</span> <span class='ocrx_word' id='word_1_206' title='bbox 3102 3351 3585 3417; x_wconf 83' lang='lat' dir='ltr'>Malabrancae:</span> 
     </span>
    </p>

    <p class='ocr_par' dir='ltr' id='par_1_14' title="bbox 708 3456 3588 3647">
     <span class='ocr_line' id='line_1_28' title="bbox 708 3456 3588 3526; baseline -0.002 -2"><span class='ocrx_word' id='word_1_207' title='bbox 708 3458 1002 3525; x_wconf 88' lang='lat' dir='ltr'>concedit</span> <span class='ocrx_word' id='word_1_208' title='bbox 1046 3460 1110 3523; x_wconf 91' lang='lat' dir='ltr'>in</span> <span class='ocrx_word' id='word_1_209' title='bbox 1155 3460 1419 3526; x_wconf 85' lang='lat' dir='ltr'>feudum</span> <span class='ocrx_word' id='word_1_210' title='bbox 1465 3467 1743 3525; x_wconf 89' lang='lat' dir='ltr'>castrum</span> <span class='ocrx_word' id='word_1_211' title='bbox 1786 3460 2046 3525; x_wconf 84' lang='lat' dir='ltr'>Ariciae</span> <span class='ocrx_word' id='word_1_212' title='bbox 2092 3480 2235 3524; x_wconf 91' lang='lat' dir='ltr'>cum</span> <span class='ocrx_word' id='word_1_213' title='bbox 2277 3457 2568 3523; x_wconf 90' lang='lat' dir='ltr'>omnibus</span> <span class='ocrx_word' id='word_1_214' title='bbox 2612 3458 2867 3522; x_wconf 88' lang='lat' dir='ltr'>iustitiis</span> <span class='ocrx_word' id='word_1_215' title='bbox 2913 3463 2979 3521; x_wconf 93' lang='lat' dir='ltr'>et</span> <span class='ocrx_word' id='word_1_216' title='bbox 3008 3456 3588 3521; x_wconf 88' lang='lat' dir='ltr'>consuetudinibus.</span> 
     </span>
     <span class='ocr_line' id='line_1_29' title="bbox 1089 3569 2118 3647; baseline 0.001 -23"><span class='ocrx_word' id='word_1_217' title='bbox 1089 3588 1137 3625; x_wconf 84' lang='lat' dir='ltr'>v.</span> <span class='ocrx_word' id='word_1_218' title='bbox 1182 3570 1371 3637; x_wconf 82' lang='lat' dir='ltr'>Roma,</span> <span class='ocrx_word' id='word_1_219' title='bbox 1408 3570 1553 3626; x_wconf 85' lang='lat' dir='ltr'>Gens</span> <span class='ocrx_word' id='word_1_220' title='bbox 1588 3569 1953 3626; x_wconf 70' lang='lat' dir='ltr'>malabranca</span> <span class='ocrx_word' id='word_1_221' title='bbox 1986 3588 2042 3625; x_wconf 90' lang='lat' dir='ltr'>n.</span> <span class='ocrx_word' id='word_1_222' title='bbox 2066 3572 2118 3647; x_wconf 70' lang='lat'>«12=</span> 
     </span>
    </p>
   </div>
   <div class='ocr_carea' id='block_1_11' title="bbox 1861 3843 2442 4036">
    <p class='ocr_par' dir='ltr' id='par_1_15' title="bbox 1861 3843 2442 4036">
     <span class='ocr_line' id='line_1_30' title="bbox 1994 3843 2310 3911; baseline 0.003 -1"><span class='ocrx_word' id='word_1_223' title='bbox 1994 3843 2310 3911; x_wconf 81' lang='lat' dir='ltr'>Pratlca.</span> 
     </span>
     <span class='ocr_line' id='line_1_31' title="bbox 1861 3965 2442 4036; baseline -0.002 -15"><span class='ocrx_word' id='word_1_224' title='bbox 1861 3966 2149 4036; x_wconf 86' lang='lat' dir='ltr'>(Castrum</span> <span class='ocrx_word' id='word_1_225' title='bbox 2186 3965 2442 4032; x_wconf 85' lang='lat' dir='ltr'>Patrica)</span> 
     </span>
    </p>
   </div>
   <div class='ocr_carea' id='block_1_12' title="bbox 709 4086 3592 4485">
    <p class='ocr_par' dir='ltr' id='par_1_16' title="bbox 709 4086 3592 4485">
     <span class='ocr_line' id='line_1_32' title="bbox 924 4086 3592 4173; baseline -0.001 -19"><span class='ocrx_word' id='word_1_226' title='bbox 924 4088 1219 4154; x_wconf 84' lang='lat' dir='ltr'>Castrum</span> <span class='ocrx_word' id='word_1_227' title='bbox 1263 4088 1524 4154; x_wconf 88' lang='lat' dir='ltr'>Pratica</span> <span class='ocrx_word' id='word_1_228' title='bbox 1569 4090 1635 4153; x_wconf 91' lang='lat' dir='ltr'>in</span> <span class='ocrx_word' id='word_1_229' title='bbox 1678 4089 1852 4172; x_wconf 81' lang='lat' dir='ltr'>loco,</span> <span class='ocrx_word' id='word_1_230' title='bbox 1916 4089 2024 4154; x_wconf 91' lang='lat' dir='ltr'>ubi</span> <span class='ocrx_word' id='word_1_231' title='bbox 2072 4088 2226 4153; x_wconf 91' lang='lat' dir='ltr'>olim</span> <span class='ocrx_word' id='word_1_232' title='bbox 2270 4089 2540 4153; x_wconf 82' lang='lat' dir='ltr'>Lavinia</span> <span class='ocrx_word' id='word_1_233' title='bbox 2585 4089 2836 4173; x_wconf 85' lang='lat' dir='ltr'>civitas,</span> <span class='ocrx_word' id='word_1_234' title='bbox 2882 4089 3100 4172; x_wconf 87' lang='lat' dir='ltr'>situm,</span> <span class='ocrx_word' id='word_1_235' title='bbox 3147 4109 3186 4152; x_wconf 91' lang='lat' dir='ltr'>a</span> <span class='ocrx_word' id='word_1_236' title='bbox 3229 4086 3478 4152; x_wconf 83' lang='lat' dir='ltr'>Marino</span> <span class='ocrx_word' id='word_1_237' title='bbox 3522 4087 3592 4152; x_wconf 95' lang='lat' dir='ltr'>II</span> 
     </span>
     <span class='ocr_line' id='line_1_33' title="bbox 709 4190 3589 4278; baseline -0 -21"><span class='ocrx_word' id='word_1_238' title='bbox 709 4192 1043 4257; x_wconf 89' lang='lat' dir='ltr'>monachis</span> <span class='ocrx_word' id='word_1_239' title='bbox 1073 4213 1122 4256; x_wconf 89' lang='lat' dir='ltr'>s.</span> <span class='ocrx_word' id='word_1_240' title='bbox 1154 4191 1346 4257; x_wconf 89' lang='lat' dir='ltr'>Pauli</span> <span class='ocrx_word' id='word_1_241' title='bbox 1378 4191 1458 4257; x_wconf 89' lang='lat' dir='ltr'>de</span> <span class='ocrx_word' id='word_1_242' title='bbox 1488 4192 1665 4259; x_wconf 88' lang='lat' dir='ltr'>Urbe</span> <span class='ocrx_word' id='word_1_243' title='bbox 1698 4214 2072 4258; x_wconf 90' lang='lat' dir='ltr'>concessum</span> <span class='ocrx_word' id='word_1_244' title='bbox 2103 4190 2212 4277; x_wconf 86' lang='lat' dir='ltr'>(cf.</span> <span class='ocrx_word' id='word_1_245' title='bbox 2240 4191 2539 4278; x_wconf 89' lang='lat' dir='ltr'>Gregorii</span> <span class='ocrx_word' id='word_1_246' title='bbox 2561 4191 2694 4257; x_wconf 86' lang='lat' dir='ltr'>VII</span> <span class='ocrx_word' id='word_1_247' title='bbox 2724 4192 3129 4278; x_wconf 88' lang='lat' dir='ltr'>privilegium</span> <span class='ocrx_word' id='word_1_248' title='bbox 3160 4213 3217 4256; x_wconf 89' lang='lat' dir='ltr'>a.</span> <span class='ocrx_word' id='word_1_249' title='bbox 3256 4195 3589 4258; x_wconf 83' lang='lat'>1073—85</span> 
     </span>
     <span class='ocr_line' id='line_1_34' title="bbox 713 4294 3590 4382; baseline -0 -23"><span class='ocrx_word' id='word_1_250' title='bbox 713 4303 898 4361; x_wconf 86' lang='lat' dir='ltr'>mart.</span> <span class='ocrx_word' id='word_1_251' title='bbox 937 4301 1013 4359; x_wconf 86' lang='lat'>14</span> <span class='ocrx_word' id='word_1_252' title='bbox 1047 4296 1168 4360; x_wconf 88' lang='lat' dir='ltr'>JL.</span> <span class='ocrx_word' id='word_1_253' title='bbox 1201 4295 1419 4381; x_wconf 85' lang='grc'><em>5200),</em></span> <span class='ocrx_word' id='word_1_254' title='bbox 1467 4318 1633 4362; x_wconf 88' lang='lat' dir='ltr'>saec.</span> <span class='ocrx_word' id='word_1_255' title='bbox 1673 4296 1810 4361; x_wconf 84' lang='lat' dir='ltr'>XII</span> <span class='ocrx_word' id='word_1_256' title='bbox 1856 4318 1895 4361; x_wconf 89' lang='lat' dir='ltr'>a</span> <span class='ocrx_word' id='word_1_257' title='bbox 1938 4296 2311 4360; x_wconf 84' lang='lat' dir='ltr'>Baronzinis</span> <span class='ocrx_word' id='word_1_258' title='bbox 2341 4302 2712 4380; x_wconf 86' lang='lat' dir='ltr'>usurpatum</span> <span class='ocrx_word' id='word_1_259' title='bbox 2745 4294 2833 4382; x_wconf 92' lang='lat' dir='ltr'>(n.</span> <span class='ocrx_word' id='word_1_260' title='bbox 2872 4294 2956 4381; x_wconf 92' lang='lat'>1),</span> <span class='ocrx_word' id='word_1_261' title='bbox 2987 4303 3214 4381; x_wconf 89' lang='lat' dir='ltr'>postea</span> <span class='ocrx_word' id='word_1_262' title='bbox 3245 4297 3310 4360; x_wconf 93' lang='lat' dir='ltr'>in</span> <span class='ocrx_word' id='word_1_263' title='bbox 3337 4317 3590 4381; x_wconf 88' lang='lat' dir='ltr'>posses-</span> 
     </span>
     <span class='ocr_line' id='line_1_35' title="bbox 712 4398 3588 4485; baseline 0 -23"><span class='ocrx_word' id='word_1_264' title='bbox 712 4401 957 4465; x_wconf 87' lang='lat' dir='ltr'>sionem</span> <span class='ocrx_word' id='word_1_265' title='bbox 1004 4398 1289 4465; x_wconf 87' lang='lat' dir='ltr'>familiae</span> <span class='ocrx_word' id='word_1_266' title='bbox 1321 4400 1679 4485; x_wconf 85' lang='lat' dir='ltr'>Capranica</span> <span class='ocrx_word' id='word_1_267' title='bbox 1724 4401 2002 4485; x_wconf 86' lang='lat' dir='ltr'>devenit,</span> <span class='ocrx_word' id='word_1_268' title='bbox 2050 4399 2326 4484; x_wconf 90' lang='lat' dir='ltr'>denique</span> <span class='ocrx_word' id='word_1_269' title='bbox 2367 4398 2629 4464; x_wconf 86' lang='lat' dir='ltr'>feudum</span> <span class='ocrx_word' id='word_1_270' title='bbox 2659 4399 2941 4464; x_wconf 85' lang='lat' dir='ltr'>familiae</span> <span class='ocrx_word' id='word_1_271' title='bbox 2973 4399 3305 4485; x_wconf 90' lang='lat' dir='ltr'>Borghese</span> <span class='ocrx_word' id='word_1_272' title='bbox 3351 4399 3588 4464; x_wconf 83' lang='lat' dir='ltr'>factum</span> 
     </span>
    </p>
   </div>
   <div class='ocr_carea' id='block_1_13' title="bbox 712 4500 3592 4693">
    <p class='ocr_par' dir='ltr' id='par_1_17' title="bbox 712 4500 3592 4693">
     <span class='ocr_line' id='line_1_36' title="bbox 712 4500 3592 4589; baseline 0.001 -23"><span class='ocrx_word' id='word_1_273' title='bbox 712 4509 810 4566; x_wconf 88' lang='lat' dir='ltr'>est</span> <span class='ocrx_word' id='word_1_274' title='bbox 855 4500 964 4587; x_wconf 86' lang='lat' dir='ltr'>(cf.</span> <span class='ocrx_word' id='word_1_275' title='bbox 1009 4502 1226 4588; x_wconf 85' lang='lat' dir='ltr'>Nibby</span> <span class='ocrx_word' id='word_1_276' title='bbox 1269 4505 1519 4569; x_wconf 87' lang='lat' dir='ltr'>Analisi</span> <span class='ocrx_word' id='word_1_277' title='bbox 1554 4503 1580 4543; x_wconf 79' lang='lat'><strong>²</strong></span> <span class='ocrx_word' id='word_1_278' title='bbox 1610 4503 1680 4568; x_wconf 88' lang='lat' dir='ltr'><strong>H</strong></span> <span class='ocrx_word' id='word_1_279' title='bbox 1724 4507 1849 4570; x_wconf 83' lang='lat'>206</span> <span class='ocrx_word' id='word_1_280' title='bbox 1874 4526 1998 4589; x_wconf 91' lang='lat' dir='ltr'>sq.;</span> <span class='ocrx_word' id='word_1_281' title='bbox 2047 4504 2434 4568; x_wconf 85' lang='lat' dir='ltr'>Tomassetti</span> <span class='ocrx_word' id='word_1_282' title='bbox 2479 4505 2542 4567; x_wconf 91' lang='lat' dir='ltr'>in</span> <span class='ocrx_word' id='word_1_283' title='bbox 2588 4504 2784 4568; x_wconf 89' lang='lat' dir='ltr'>Arch.</span> <span class='ocrx_word' id='word_1_284' title='bbox 2833 4503 3006 4569; x_wconf 88' lang='lat' dir='ltr'>della</span> <span class='ocrx_word' id='word_1_285' title='bbox 3037 4502 3180 4569; x_wconf 84' lang='lat' dir='ltr'>Soc.</span> <span class='ocrx_word' id='word_1_286' title='bbox 3211 4502 3399 4568; x_wconf 86' lang='lat' dir='ltr'>Rom.</span> <span class='ocrx_word' id='word_1_287' title='bbox 3425 4502 3592 4568; x_wconf 87' lang='lat' dir='ltr'>XIX</span> 
     </span>
     <span class='ocr_line' id='line_1_37' title="bbox 712 4604 2790 4693; baseline 0.001 -24"><span class='ocrx_word' id='word_1_288' title='bbox 712 4604 941 4692; x_wconf 88' lang='grc'><em>(1896)</em></span> <span class='ocrx_word' id='word_1_289' title='bbox 988 4609 1111 4672; x_wconf 88' lang='grc'><em>313</em></span> <span class='ocrx_word' id='word_1_290' title='bbox 1137 4607 1282 4693; x_wconf 90' lang='lat' dir='ltr'>sq.).</span> <span class='ocrx_word' id='word_1_291' title='bbox 2785 4637 2790 4644; x_wconf 94' lang='lat'><strong>·</strong></span> 
     </span>
    </p>
   </div>
   <div class='ocr_carea' id='block_1_14' title="bbox 713 4743 3591 4935">
    <p class='ocr_par' dir='ltr' id='par_1_18' title="bbox 713 4743 3591 4935">
     <span class='ocr_line' id='line_1_38' title="bbox 713 4743 3506 4829; baseline 0.001 -23"><span class='ocrx_word' id='word_1_292' title='bbox 713 4747 754 4806; x_wconf 92' lang='lat'><strong><em>1</em></strong></span> <span class='ocrx_word' id='word_1_293' title='bbox 2600 4743 2921 4810; x_wconf 76' lang='lat' dir='ltr'>Laterano</span> <span class='ocrx_word' id='word_1_294' title='bbox 2966 4747 3167 4826; x_wconf 85' lang='lat'><strong><em>(1139</em></strong></span> <span class='ocrx_word' id='word_1_295' title='bbox 3211 4747 3403 4826; x_wconf 75' lang='lat' dir='ltr'>april.</span> <span class='ocrx_word' id='word_1_296' title='bbox 3433 4747 3506 4829; x_wconf 86' lang='lat'>3)</span> 
     </span>
     <span class='ocr_line' id='line_1_39' title="bbox 713 4846 3591 4935; baseline 0 -23"><span class='ocrx_word' id='word_1_297' title='bbox 713 4846 1135 4913; x_wconf 89' lang='lat' dir='ltr'>Praesidente</span> <span class='ocrx_word' id='word_1_298' title='bbox 1181 4848 1647 4914; x_wconf 88' lang='lat' dir='ltr'>Innocentio</span> <span class='ocrx_word' id='word_1_299' title='bbox 1695 4849 1764 4914; x_wconf 95' lang='lat' dir='ltr'>II</span> <span class='ocrx_word' id='word_1_300' title='bbox 1809 4851 1873 4913; x_wconf 90' lang='lat' dir='ltr'>in</span> <span class='ocrx_word' id='word_1_301' title='bbox 1919 4851 2187 4914; x_wconf 90' lang='lat' dir='ltr'>concilio</span> <span class='ocrx_word' id='word_1_302' title='bbox 2219 4851 2660 4935; x_wconf 86' lang='lat' dir='ltr'>Lateranensi,</span> <span class='ocrx_word' id='word_1_303' title='bbox 2707 4851 2842 4914; x_wconf 87' lang='lat' dir='ltr'>Azo</span> <span class='ocrx_word' id='word_1_304' title='bbox 2890 4849 3089 4915; x_wconf 87' lang='lat' dir='ltr'>abbas</span> <span class='ocrx_word' id='word_1_305' title='bbox 3120 4871 3289 4914; x_wconf 89' lang='lat' dir='ltr'>mon.</span> <span class='ocrx_word' id='word_1_306' title='bbox 3322 4871 3371 4913; x_wconf 87' lang='lat' dir='ltr'>s.</span> <span class='ocrx_word' id='word_1_307' title='bbox 3403 4848 3591 4914; x_wconf 88' lang='lat' dir='ltr'>Pauli</span> 
     </span>
    </p>
   </div>
   <div class='ocr_carea' id='block_1_15' title="bbox 713 4950 3590 5039">
    <p class='ocr_par' dir='ltr' id='par_1_19' title="bbox 713 4950 3590 5039">
     <span class='ocr_line' id='line_1_40' title="bbox 713 4950 3590 5039; baseline 0.001 -25"><span class='ocrx_word' id='word_1_308' title='bbox 713 4950 794 5014; x_wconf 91' lang='lat' dir='ltr'>de</span> <span class='ocrx_word' id='word_1_309' title='bbox 840 4950 1017 5016; x_wconf 88' lang='lat' dir='ltr'>Urbe</span> <span class='ocrx_word' id='word_1_310' title='bbox 1063 4954 1527 5036; x_wconf 89' lang='lat' dir='ltr'>querimoniam</span> <span class='ocrx_word' id='word_1_311' title='bbox 1593 4953 1749 5018; x_wconf 85' lang='lat' dir='ltr'>facit</span> <span class='ocrx_word' id='word_1_312' title='bbox 1816 4959 2037 5018; x_wconf 88' lang='lat' dir='ltr'>contra</span> <span class='ocrx_word' id='word_1_313' title='bbox 2091 4954 2482 5019; x_wconf 87' lang='lat' dir='ltr'>Baronzinos</span> <span class='ocrx_word' id='word_1_314' title='bbox 2545 4952 2627 5018; x_wconf 91' lang='lat' dir='ltr'>de</span> <span class='ocrx_word' id='word_1_315' title='bbox 2679 4961 2863 5039; x_wconf 87' lang='lat' dir='ltr'>parte</span> <span class='ocrx_word' id='word_1_316' title='bbox 2921 4953 3201 5039; x_wconf 90' lang='lat' dir='ltr'>quadam</span> <span class='ocrx_word' id='word_1_317' title='bbox 3260 4954 3326 5017; x_wconf 91' lang='lat' dir='ltr'>in</span> <span class='ocrx_word' id='word_1_318' title='bbox 3383 4958 3590 5018; x_wconf 87' lang='lat' dir='ltr'>castro</span> 
     </span>
    </p>
   </div>
   <div class='ocr_carea' id='block_1_16' title="bbox 715 5053 2438 5223">
    <p class='ocr_par' dir='ltr' id='par_1_20' title="bbox 715 5053 2438 5223">
     <span class='ocr_line' id='line_1_41' title="bbox 715 5053 1176 5139; baseline 0.009 -22"><span class='ocrx_word' id='word_1_319' title='bbox 715 5075 775 5139; x_wconf 91' lang='lat' dir='ltr'>q.</span> <span class='ocrx_word' id='word_1_320' title='bbox 808 5074 866 5118; x_wconf 79' lang='lat' dir='ltr'>v,</span> <span class='ocrx_word' id='word_1_321' title='bbox 899 5053 1176 5121; x_wconf 77' lang='lat' dir='ltr'>Pati-ica.</span> 
     </span>
     <span class='ocr_line' id='line_1_42' title="bbox 1093 5157 2438 5223; baseline 0.002 -11"><span class='ocrx_word' id='word_1_322' title='bbox 1093 5176 1143 5213; x_wconf 84' lang='lat' dir='ltr'>v.</span> <span class='ocrx_word' id='word_1_323' title='bbox 1178 5157 1371 5223; x_wconf 83' lang='lat' dir='ltr'>Roma,</span> <span class='ocrx_word' id='word_1_324' title='bbox 1409 5159 1558 5215; x_wconf 85' lang='lat' dir='ltr'>Eccl.</span> <span class='ocrx_word' id='word_1_325' title='bbox 1595 5178 1636 5216; x_wconf 90' lang='lat' dir='ltr'>s.</span> <span class='ocrx_word' id='word_1_326' title='bbox 1662 5158 1826 5214; x_wconf 87' lang='lat' dir='ltr'>Pauli</span> <span class='ocrx_word' id='word_1_327' title='bbox 1862 5162 2022 5215; x_wconf 86' lang='lat' dir='ltr'>extra</span> <span class='ocrx_word' id='word_1_328' title='bbox 2057 5176 2241 5215; x_wconf 90' lang='lat' dir='ltr'>muros</span> <span class='ocrx_word' id='word_1_329' title='bbox 2276 5178 2330 5215; x_wconf 89' lang='lat' dir='ltr'>n.</span> <span class='ocrx_word' id='word_1_330' title='bbox 2354 5159 2438 5215; x_wconf 85' lang='lat'>20.</span> 
     </span>
    </p>
   </div>
  </div>
 </body>
</html>
