4055 6069
1260 520 1633 591 Episcopatus
1669 520 1925 577 Sutrinus
1963 552 2026 563 -
2065 520 2280 578 Civitas
2316 522 2557 579 Sutrina.
3230 529 3348 590 183

467 694 547 757 *1
1915 723 1924 735 ·
2363 697 2685 763 Laterano
2731 698 3262 780 (1099—11162)

469 799 614 862 Pas
632 797 877 862 chalis
921 797 990 861 II
1045 819 1302 863 causam
1360 800 1525 864 inter
1581 799 1954 864 Albericum
2002 822 2103 887 ep.
2153 800 2476 867 Sutrinum
2533 809 2600 866 et
2643 801 3009 867 Gnidonem
3068 823 3169 887 ep.
3217 802 3346 868 Tu-

469 922 721 966 scanen.
769 924 962 987 super
1006 903 1280 967 ecclesia
1324 902 1865 969 Centumcellensi
1910 907 2093 989 ponit
2135 907 2198 970 in
2244 928 2470 972 manus
2516 908 2968 991 episcoporum
3022 913 3089 970 et
3141 905 3348 970 cardi-

468 1007 739 1090 nalium,
808 1007 916 1090 qui
975 1006 1286 1089 iudicant,
1355 1012 1590 1072 terram
1647 1008 2272 1074 Centumcellensem
2326 1009 2582 1075 Sutrino
2647 1011 3046 1096 episcopatui
3111 1008 3349 1074 debere

468 1110 734 1175 restitui.

672 1220 854 1276 Laud.
890 1220 953 1274 in
987 1239 1041 1277 n.
1067 1229 1114 1277 3.
1158 1253 1218 1262 —
1258 1222 1383 1290 Ray.
1420 1223 1537 1279 JL.
1575 1255 1656 1277 -.

844 1315 1202 1374 Meminerint
1237 1317 1488 1383 lectores,
1527 1318 1864 1374 Urbanum
1890 1321 1943 1373 ΙΙ
1984 1320 2313 1377 Bonizonem
2350 1338 2438 1391 ep.
2463 1319 2745 1377 Sutrinum
2784 1339 2857 1376 cr.
2884 1338 2931 1375 a.
2965 1320 3097 1375 1088
3125 1319 3349 1375 Placen-

675 1404 798 1461 tino
833 1403 1186 1475 episcopatui
1220 1404 1551 1475 praefecisse
1589 1405 1680 1474 (cf.
1720 1405 1933 1461 Urbani
1969 1407 2022 1460 11
2061 1406 2332 1477 epistolas
2367 1408 2462 1463 JL.
2499 1408 2880 1476 5354-5356).

468 1544 550 1607 *2
2734 1546 3266 1629 (1099—1116?)

468 1648 890 1714 Paschalis
936 1648 1005 1712 II
1050 1648 1383 1733 praecipit,
1429 1654 1501 1711 ut
1544 1668 1737 1713 causa
1782 1650 2011 1715 eadem
2059 1654 2459 1715 retractetur.

679 1758 862 1813 Laud.
897 1759 961 1812 in
993 1777 1049 1814 n.
1073 1765 1121 1814 3.
1158 1789 1225 1799 —
1262 1758 1393 1829 Ray.
1419 1758 1523 1813 JL.
1563 1788 1647 1814 —.

467 1851 511 1911 3
2869 1848 2982 1928 (cr.
3016 1846 3185 1909 1116
3203 1847 3267 1929 ,9)

475 1950 708 2016 Clerici
754 1956 820 2016 et
864 1952 1011 2015 laici
1056 1950 1561 2016 centumcellen.
1609 1952 1919 2017 ecclesiae
1966 1951 2049 2017 dc
2096 1951 2324 2017 eadem
2371 1971 2564 2015 causa
2609 1971 2825 2015 coram
2870 1951 3253 2016 Paschale
3286 1950 3355 2015 ΙΙ

470 2062 614 2120 acta
662 2054 857 2120 breve
904 2056 1430 2119 memoratorium
1476 2053 1736 2121 faciunt.
2474 2042 2481 2055 ’

850 2183 898 2221 v.
938 2165 1284 2228 Toscanella,
1324 2163 1503 2233 Episc.
1542 2183 1594 2218 n.
1619 2166 1668 2219 5.

468 2254 547 2317 *4
3035 2252 3268 2335 (1158)

470 2357 923 2423 Hadrianus
966 2357 1064 2421 IV
1127 2356 1425 2423 Rolando
1485 2358 1579 2421 tit.
1641 2381 1687 2422 s.
1736 2357 1938 2423 Marci
1992 2357 2205 2443 presb.
2264 2356 2435 2423 card.
2494 2363 2560 2422 et
2604 2356 3022 2439 cancellarie,
3082 2356 3354 2421 Alberto

474 2464 568 2527 tit.
617 2484 664 2525 s.
692 2461 1024 2526 Laurentii
1069 2461 1135 2525 in
1178 2461 1454 2545 Lucina,
1512 2460 1870 2526 Willielmo
1925 2462 2020 2526 tit.
2077 2484 2125 2525 s.
2157 2460 2339 2526 Petri
2384 2459 2467 2525 ad
2513 2460 2786 2527 Vincula
2829 2458 3040 2544 presb.
3088 2466 3156 2525 et
3197 2459 3354 2524 Rai-

472 2563 710 2630 mundo
779 2587 827 2627 s.
883 2565 1127 2630 Mariae
1196 2566 1260 2628 in
1320 2566 1443 2629 Via
1512 2565 1647 2630 lata
1714 2564 1876 2630 diac.
1946 2564 2151 2630 card:
2222 2564 2563 2630 committit
2628 2565 3125 2629 controversiam
3191 2564 3357 2629 inter

472 2669 812 2734 canonicos
869 2689 918 2731 s.
960 2666 1141 2732 Petri
1198 2667 1279 2733 de
1334 2667 1510 2734 Urbe
1578 2675 1644 2734 et
1697 2668 1776 2733 G.
1819 2668 2147 2734 Sutrinum
2215 2689 2318 2753 ep.
2389 2688 2583 2752 super
2638 2667 2912 2732 ecclesia
2970 2689 3018 2732 s.
3066 2666 3357 2732 Silvestri

474 2771 897 2837 amicabiliter
941 2773 1472 2858 componendam.

856 2903 904 2940 v.
941 2883 1132 2952 Roma,
1167 2883 1318 2939 Eccl.
1352 2902 1396 2945 s.
1415 2882 1571 2940 Petri
1606 2883 1666 2938 in
1700 2883 1978 2940 Vaticano
2014 2902 2069 2939 ιι.
2095 2881 2177 2938 36.

476 2975 514 3038 5
2443 2970 2721 3037 Vetralla
2763 2969 2993 3053 (1158)
3039 2969 3153 3038 iul.
3186 2972 3272 3036 12

474 3078 918 3144 Hadrianus
962 3076 1061 3141 IV
1106 3079 1416 3144 ecclesiae
1449 3100 1497 3141 s.
1529 3076 1709 3142 Petri
1740 3076 1821 3142 de
1851 3077 2030 3142 Urbe
2061 3078 2412 3142 canonicis:
2462 3077 2795 3141 confirmat
2825 3077 3356 3161 compositionem

476 3182 715 3247 factam
779 3203 818 3245 a
869 3181 1217 3266 praedictis
1275 3180 1704 3245 cardinalibus
1756 3188 1850 3261 (n.
1894 3184 1968 3259 4)
2031 3181 2111 3246 de
2178 3182 2612 3246 controversia
2666 3183 2835 3245 inter
2895 3180 3234 3245 canonicos
3291 3186 3358 3244 et

476 3284 555 3350 G.
589 3284 922 3350 Sutrinum·
961 3306 1063 3369 ep.
1111 3306 1302 3370 super
1348 3285 1619 3349 ecclesia
1665 3307 1712 3350 s.
1747 3284 2057 3350 Silvestri.

854 3413 905 3449 v.
946 3395 1138 3459 Roma,
1174 3395 1324 3451 Eccl.
1361 3413 1403 3450 s.
1431 3393 1584 3451 Petri
1622 3394 1679 3449 in
1717 3394 1996 3451 Vaticano
2033 3413 2087 3450 n.
2111 3395 2196 3451 37.

1601 3669 1866 3739 civitas
1911 3669 2228 3740 sutrina.

470 3759 544 3822 *1
1647 3785 1667 3803 ·
3077 3759 3265 3842 (728)

472 3862 905 3947 Gregorius
950 3864 1018 3927 II
1075 3862 1544 3947 Liutprandum
1589 3862 2162 3948 Langobardorum
2221 3883 2442 3947 regem
2488 3863 2804 3927 continuis
2857 3862 3106 3948 scriptis
3158 3869 3353 3948 atque

473 3967 1077 4032 commonitionibus
1107 3966 1191 4031 ad
1222 3986 1444 4050 regem
1475 3966 1684 4031 missis
1712 3967 2023 4050 hortatur,
2071 3973 2142 4030 ut
2173 3966 2506 4032 castellum
2534 3965 2859 4032 Sutriense
2891 3966 3011 4031 sibi
3042 3968 3353 4032 restituat.

680 4077 863 4132 Laud.
908 4079 971 4133 in
1017 4078 1143 4133 Vita
1194 4078 1440 4149 Greyorii
1475 4078 1550 4132 II
1583 4077 1729 4148 (Lib.
1764 4078 1965 4146 pontif.
2015 4077 2095 4134 ed.
2141 4077 2428 4133 Duchesne
2472 4079 2514 4133 I
2539 4080 2676 4146 407).
2724 4108 2786 4117 —
2838 4076 2998 4147 Reyy.
3048 4077 3122 4131 N.
3155 4076 3355 4132 Archiv

472 4167 579 4221 III
609 4172 712 4222 253
745 4182 799 4220 n.
823 4171 911 4220 89.
969 4165 1024 4220 J.
1060 4172 1203 4220 1669.
1275 4164 1396 4220 «ΤΕ.
1435 4170 1575 4220 2176.

474 4306 557 4368 *2
2900 4305 3241 4368 1138-43

471 4410 978 4476 Innocentius
1020 4410 1092 4475 II
1147 4410 1410 4496 delegat
1466 4411 1756 4475 Leonem
1801 4411 1981 4477 Petri
2025 4411 2266 4478 Leonis
2319 4415 2386 4475 et
2427 4409 2694 4474 Petrum
2739 4305 2941 4474 filiuin
2986 4408 3124 4473 eius
3168 4304 3356 4492 prite-

472 4514 643 4581 sides
689 4514 965 4579 civitatis
1010 4513 1326 4579 Sutrinae.

855 4643 904 4680 v.
943 4624 1136 4689 Roma,
1173 4625 1320 4680 Gens
1355 4623 1512 4679 Petri
1550 4624 1748 4679 Leonis
1783 4643 1836 4678 n.
1866 4626 1911 4680 1.
