4055 6069
1476 464 1623 531 Mon.
1660 493 1701 530 s.
1741 458 1953 533 Mariae
1989 474 2271 532 Farfense.
3237 466 3317 543 67

439 647 560 714 *41
2716 654 2884 715 1000
2926 649 3115 732 april.
3149 652 3237 714 30

439 755 805 820 Nicolaus
849 754 917 818 II
971 754 1341 820 Crescentio
1395 754 1526 819 filio
1576 755 1913 821 Octaviani
1964 756 2165 819 mittit
2210 754 2534 820 Saxonem
2580 754 2857 819 iudicem
2903 775 3048 819 cum
3094 754 3323 819 litteris

441 858 616 923 bulla
661 879 776 923 sua
821 860 1166 944 impressis,
1213 865 1284 924 ut
1327 860 1544 924 veniat
1589 865 1655 924 et
1697 860 1912 945 legem
1958 858 2178 924 abbati
2224 859 2437 925 faciat.

647 969 856 1025 Notitia
891 969 1084 1025 addita
1117 970 1366 1026 iudicato
1398 987 1455 1026 οι.
1481 980 1566 1027 40.
1605 1002 1670 1011 -
1708 972 1840 1041 Περ.
1877 971 1992 1026 JL.
2034 977 2188 1026 4434.

441 1108 565 1172 *42
2575 1109 2791 1192 Farfa
2836 1109 3006 1174 1060
3050 1107 3163 1173 iul.
3199 1111 3239 1172 6

439 1212 502 1276 Ν
514 1214 824 1280 icolaus
881 1215 950 1279 Π
1013 1223 1346 1280 consecrat
1403 1215 1713 1281 ecclesiae
1759 1215 2087 1280 Farfensis
2142 1214 2371 1280 altaria
2424 1215 2829 1299 principalia,
2898 1221 2965 1279 et
3030 1213 3325 1278 concedit

442 1318 734 1382 omnibus
779 1318 1271 1403 poenitentibus,
1319 1321 1426 1404 qui
1470 1318 1558 1383 ibi
1605 1325 2058 1403 convenerunt,
2105 1320 2546 1384 remissionem
2592 1322 2628 1383 3
2662 1339 3009 1403 annorum,
3058 1326 3125 1383 et
3171 1338 3324 1381 con-

441 1423 675 1505 stituit,
734 1430 805 1487 ut
862 1423 1024 1487 haec
1079 1424 1367 1488 remissio
1423 1425 1781 1488 annualiter
1837 1424 1950 1488 fiat
1995 1423 2289 1488 omnibus
2344 1423 2407 1486 in
2453 1423 2593 1507 ipsa
2638 1421 2741 1487 die
2789 1422 3127 1487 ecclesiam
3172 1422 3321 1486 visi-

442 1524 740 1591 tantibus.

654 1636 701 1692 0
727 1637 770 1703 f.
795 1643 893 1693 504
928 1637 996 1705 (s.
1022 1638 1186 1707 1216).
1222 1666 1287 1676 —
1325 1637 1471 1693 Edd.
1513 1637 1778 1692 Mabsllon
1811 1638 1959 1692 Ann.
1996 1636 2113 1691 ord.
2139 1652 2179 1691 a.
2208 1635 2411 1690 Bened.
2441 1639 2459 1670 ²
2485 1635 2585 1690 IV
2610 1643 2742 1704 6095
2779 1640 2802 1671 ²
2839 1636 2936 1693 IV
2960 1645 3072 1693 559.
3132 1635 3326 1690 Mura-

440 1722 546 1777 tori
590 1722 771 1792 Antiq.
823 1723 873 1777 V
909 1729 1041 1778 1039
1083 1746 1148 1769 =
1193 1724 1384 1778 Amort
1435 1722 1574 1780 Hist.
1611 1723 1912 1794 indulymt.
1951 1724 1993 1777 Ι
2021 1731 2104 1779 50.
2158 1722 2346 1792 Gioryi
2382 1738 2409 1777 e
2444 1722 2676 1777 Baleani
2712 1722 2762 1777 V
2790 1730 2896 1779 291.
2956 1753 3018 1764 -—
3076 1721 3234 1793 Reyy.
3270 1721 3324 1776 J.

433 1825 491 1878 p.
516 1815 636 1864 388.
686 1808 803 1864 JL.
841 1809 957 1878 110.
979 1816 1092 1866 663.

440 1968 527 2029 43
2879 1968 3048 2030 1060
3092 1964 3205 2030 iul.

441 2068 820 2135 Nicolaus
851 2070 920 2133 II
961 2071 1474 2136 excommunicat
1504 2077 1570 2137 et
1601 2072 2104 2137 anathematizat
2132 2071 2297 2155 illos,
2332 2070 2440 2155 qui
2465 2070 2544 2135 de
2577 1969 2964 2136 monaste(rio
2996 2092 3046 2133 s.
3077 1967 3323 2136 Mariae

440 2171 610 2238 bona
653 2174 967 2238 violenter
1010 2181 1360 2257 rapuerunt
1404 2183 1516 2241 aut
1560 2177 1863 2260 deinceps
1908 2176 2256 2260 rapuerint.
2306 2212 2390 2221 —
2437 2174 2539 2239 Ob
2570 2175 2997 2240 reverentiam
3042 2181 3322 2238 sanctae.

648 2284 695 2340 G
733 2285 776 2351 f.
816 2292 916 2339 504
964 2284 1028 2351 (f.
1065 2284 1225 2354 1216).
1298 2286 1396 2354 [N
1411 2303 1469 2355 p.
1498 2293 1595 2341 821
1629 2306 1684 2342 π.
1712 2289 1851 2358 925J.
1906 2318 1971 2327 —
2026 2286 2175 2341 Edd.
2223 2286 2503 2340 Mur-acori
2546 2287 2727 2355 Antiq,
2765 2285 2817 2339 V
2855 2291 2983 2341 1039
3027 2307 3092 2331 =
3140 2286 3327 2354 Miyne

447 2370 723 2425 CXLIII
747 2378 874 2427 1345
906 2388 959 2425 n.
986 2377 1069 2427 23.
1144 2372 1336 2443 Gioryi
1371 2391 1399 2428 e
1435 2375 1671 2430 Balzam'
1701 2375 1748 2429 V
1775 2381 1884 2430 292
1916 2392 1970 2430 n.
1998 2381 2145 2430 1306.
2185 2405 2248 2413 -
2286 2373 2447 2445 Reqy.
2483 2373 2545 2428 J.
2582 2380 2776 2430 3357a.
2835 2371 2942 2428 JL.
2979 2378 3130 2428 4438.

440 2548 524 2608 44
2677 2550 2910 2634 (1060)
2952 2553 3107 2629 sept.
3155 2550 3237 2611 14

439 2648 835 2715 Humbertus
906 2672 1008 2736 ep.
1069 2650 1281 2717 Silvae
1345 2651 1708 2737 Candidae,
1784 2652 2016 2718 Petrus
2071 2673 2172 2736 ep.
2229 2650 2564 2737 Agubinus
2620 2658 2687 2717 et
2739 2651 3041 2717 Ailardus
3097 2672 3197 2735 ep.
3259 2657 3326 2714 et

441 2752 639 2817 abbas
684 2777 733 2817 s.
765 2755 953 2819 Pauli
999 2754 1080 2820 de
1125 2755 1322 2840 Urbe,
1370 2756 1568 2841 legati
1615 2763 1821 2841 apost.
1869 2755 2060 2840 sedis,
2108 2755 2171 2819 N
2182 2757 2247 2820 ic
2268 2756 2446 2820 olao
2481 2755 2552 2819 II
2596 2754 2876 2839 iubente,
2919 2753 3321 2838 interdicunt,

440 2864 510 2921 ut
553 2880 743 2923 nemo
789 2880 1093 2945 umquam
1141 2859 1222 2926 de
1269 2861 1716 2926 ecclesiasticis
1761 2868 1872 2926 aut
1915 2860 2349 2925 saecularibus
2394 2861 2543 2923 viris
2590 2860 2929 2924 ecclesiam
2984 2858 3045 2922 b.
3077 2859 3322 2923 Mariae

439 2962 505 3024 in
548 2960 856 3047 Pharpha
899 2972 1269 3049 praesumat
1314 2986 1718 3053 quocumque
1777 2965 1968 3029 modo
2023 2963 2327 3030 invadere
2388 2970 2500 3028 aut
2557 2963 2835 3050 diripere
2890 2964 3021 3029 sive
3068 2963 3324 3027 concul-

441 3088 586 3131 care
632 3067 736 3132 vel
782 3067 863 3134 de
910 3068 1279 3134 authentica
1325 3077 1391 3135 et
1421 3072 1682 3156 antiqua
1726 3070 2023 3136 libertate
2056 3068 2451 3134 subtrahere.
2485 3107 2569 3117 —-
2598 3066 2994 3133 Humbertus
3040 3066 3210 3132 card.
3260 3073 3327 3132 et

442 3170 550 3235 alii
595 3170 832 3236 subscr.
906 3170 1152 3237 Narnio
1197 3173 1394 3239 iudex
1439 3174 1811 3240 Narniensis
1843 3173 2098 3239 dictavi.
2162 3173 2398 3238 Siolfus
2444 3172 2605 3237 diac.
2654 3179 2721 3237 et
2758 3191 2928 3235 mon.
2957 3170 3321 3255 complevit.

649 3284 693 3335 c
722 3282 764 3347 f·
788 3289 887 3338 505
919 3282 985 3350 (f.
1014 3286 1172 3353 1217).
1227 3283 1528 3352 [1911822
1561 3302 1615 3341 n.
1643 3285 1780 3356 926J.
1819 3316 1884 3324 —
1922 3283 2073 3338 Edd.
2110 3283 2388 3338 Muratori
2413 3283 2600 3351 Antiq.
2635 3282 2853 3339 V1042.
2920 3280 3111 3351 Gioryi
3134 3297 3161 3334 e
3192 3280 3326 3334 Baz-

323 3365 332 3372 ’
438 3367 565 3421 zani
600 3367 650 3422 V
677 3375 774 3424 294
807 3386 863 3424 n.
891 3376 1039 3425 1307.
1076 3401 1141 3410 —
1178 3370 1307 3440 Req.
1348 3371 1610 3426 Mabmon
1646 3373 1796 3427 Arm.
1834 3370 1946 3425 ord.
1984 3387 2026 3425 9.
2054 3369 2253 3424 Bencd.
2295 3369 2430 3423 ²IV
2459 3376 2589 3437 6093
2626 3372 2648 3403 ²
2672 3368 2768 3423 IV
2796 3375 2915 3424 559.
2967 3366 3078 3424 JL.
3117 3397 3199 3420 —.

819 3464 938 3518 Hoc
975 3463 1272 3520 Humberti
1309 3465 1454 3519 card.
1492 3465 1774 3521 decretum
1800 3483 1836 3520 a
1860 3463 2215 3520 Farfensibus
2252 3461 2362 3534 ipsi
2385 3461 2624 3517 Nicolao
2648 3463 2703 3517 11
2728 3461 3075 3532 adscriptum
3103 3461 3327 3516 videtur

648 3550 736 3619 (cf.
773 3550 967 3622 Giorgi
1005 3567 1036 3606 e
1073 3551 1305 3606 Balzani
1334 3552 1379 3606 V
1415 3553 1519 3609 320
1555 3555 1614 3608 et
1648 3550 2114 3615 Balzani113073
2153 3549 2222 3606 cf.
2259 3549 2431 3606 etiam
2468 3549 2721 3620 Append.
2758 3548 2831 3603 ad
2868 3547 3065 3604 Clu-on.
3104 3548 3323 3605 Farfen.

646 3654 736 3708 ap.
777 3638 1007 3695 Balzani
1047 3639 1098 3693 II
1133 3639 1274 3706 240).
1647 3675 1650 3682 ·

441 3758 526 3821 45
2474 3758 2797 3823 Laterano
2841 3757 3010 3820 1072
3051 3761 3162 3821 oct.
3196 3758 3240 3818 8

442 3861 939 3929 Heldebrandus
971 3865 1035 3930 S.
1067 3864 1147 3929 R.
1171 3863 1246 3928 E.
1281 3864 1644 3947 archidiac.,
1676 3866 1880 3930 vicem
1914 3865 2379 3949 (Alexandri
2409 3862 2508 3947 II)
2539 3884 2645 3948 pp.
2678 3882 2929 3947 gerens,
2959 3861 3024 3923 in
3053 3861 3322 3924 Latera-

440 3967 618 4030 nensi
650 3968 892 4053 palatio
937 3968 1336 4051 constitutus,
1384 3968 1810 4034 assidentibus
1852 3970 2169 4054 episcopis
2214 3975 2280 4033 et
2310 3966 2701 4053 presbyteris
2733 3962 3160 4031 cardinalibus
3205 3984 3324 4029 neo

439 4091 567 4135 non
610 4072 937 4156 praefecto
987 4093 1131 4137 cum
1177 4071 1490 4136 iudicibus
1535 4094 1611 4137 ac
1640 4072 2079 4137 Romanorum
2125 4070 2494 4154 maioribus,
2541 4069 2783 4134 decidit
2825 4069 3323 4133 controversiam

441 4176 607 4240 inter
648 4174 1008 4241 Berardum
1054 4174 1357 4241 abbatem
1402 4184 1470 4242 et
1515 4176 1950 4242 Odimundum
2006 4175 2307 4241 abbatem
2366 4175 2738 4240 monasterii
2798 4196 2879 4238 ss.
2927 4172 3201 4238 Cosmae
3258 4180 3326 4238 et

440 4277 739 4344 Damiani
805 4282 869 4344 in
922 4281 1095 4346 Mica
1153 4301 1349 4346 aurea
1403 4281 1483 4345 de
1540 4279 1716 4345 Urbe
1773 4303 1964 4367 super
2019 4279 2204 4345 bonis
2258 4278 2430 4365 apud
2485 4277 2832 4343 Oornetum
2892 4284 2959 4342 et
3016 4277 3321 4343 Centum-

441 4382 788 4448 cellensem
831 4383 1057 4449 urbem
1104 4384 1260 4448 sitis.

648 4492 695 4549 0
724 4493 767 4558 f.
796 4497 913 4550 390¹
947 4512 1003 4551 n.
1032 4502 1177 4551 1010.
1233 4494 1328 4563 [N
1345 4512 1405 4564 p.
1429 4502 1526 4551 875
1557 4513 1614 4551 η.
1643 4496 1816 4568 1017J.
1860 4527 1919 4537 —
1949 4495 2096 4551 Εᾱά.
2121 4495 2342 4550 Galloni
2366 4494 2469 4549 Del
2484 4493 2770 4562 primicer-o
2786 4509 2845 4561 p.
2870 4498 2974 4547 290
2996 4508 3053 4546 n.
3078 4499 3146 4546 49
3170 4506 3236 4545 ea:
3265 4490 3322 4545 0.

443 4578 635 4649 Giorqi
667 4595 694 4634 c
726 4580 965 4634 Balzam‘
990 4580 1084 4636 V9
1116 4598 1171 4636 n.
1201 4588 1337 4636 1006
1370 4597 1435 4635 ecc
1476 4579 1532 4636 0.
1587 4612 1652 4621 —
1691 4581 1856 4653 Reyq.
1894 4581 2157 4636 Mabillon
2194 4581 2343 4635 Anu.
2381 4578 2497 4634 ord.
2532 4596 2574 4636 9.
2599 4579 2798 4634 Bmed.
2839 4582 2856 4612 ²
2895 4577 2949 4632 V
2974 4587 3062 4644 51,-
3099 4580 3120 4611 ²
3159 4577 3209 4631 V
3238 4585 3322 4633 48.

440 4665 672 4720 Ηῦὸπον
709 4664 1237 4720 Gerichtsurkunden
1270 4682 1327 4720 n.
1351 4672 1498 4721 1443.
1556 4665 1668 4721 JL.
1707 4696 1788 4720 —.

824 4761 894 4817 cf.
931 4761 1103 4817 etiam
1138 4761 1338 4818 Chron.
1374 4762 1590 4818 Farfen.
1628 4779 1719 4832 ap.
1757 4761 2029 4817 Muratori
2066 4760 2162 4815 111»
2197 4762 2300 4818 596
2335 4765 2394 4818 et
2431 4760 2659 4817 Balzani
2696 4761 2748 4815 II
2788 4761 2905 4816 157.

436 4919 559 4983 *46
1957 4931 1970 4946 ⁰
2866 4917 3207 4980 1061—73

437 5022 541 5087 Ex
583 5030 934 5110 praecepto
979 5023 1409 5088 Alexandri
1453 5024 1523 5087 II
1579 5022 1901 5090 Berardus
1947 5022 2148 5088 abbas
2194 5025 2465 5110 acquirit
2519 5022 2602 5089 ab
2649 4919 2884 5088 abbati}
2930 5043 3012 5084 ss.
3048 4919 3320 5083 Oosrnae

439 5135 507 5192 et
547 5128 851 5192 Damiani
897 5126 978 5192 de
1022 5126 1199 5195 Urbe
1257 5148 1445 5192 omne
1500 5129 1599 5192 ius
1661 5129 1727 5191 in
1787 5128 2061 5193 ecclesia
2127 5150 2175 5193 s.
2207 5127 2389 5194 Petri
2442 5129 2567 5192 sita
2619 5129 2798 5191 iuxta
2855 5124 3190 5190 castellum
3240 5121 3319 5187 de

440 5231 768 5316 Oorgnito.

2942 5330 3010 5385 5*
