4055 6069
1010 463 1382 536 Episcopatus
1417 463 1822 521 veliternensis
1857 495 1924 506 —
1959 465 2110 523 Eccl.
2148 466 2487 523 cathedralis
2522 486 2561 522 s.
2587 468 2908 525 Clementis.
3282 477 3401 536 103

519 646 560 706 4
2464 641 2809 707 Terracina
2853 646 3085 727 (1111)
3132 644 3241 709 iul.
3276 645 3314 706 5

521 747 941 812 Paschalis
987 745 1056 809 II
1099 745 1368 810 Iohanni
1417 744 1812 828 Tusculano,
1860 747 2068 810 Leoni
2115 745 2466 811 velletren.
2514 751 2580 811 et
2625 746 3054 812 cardinalibus
3096 748 3160 812 in
3206 770 3398 813 unum

521 852 929 936 congregatis
974 850 1394 914 consortium:
1443 849 1661 913 scribit
1706 849 1786 914 de
1833 848 2285 915 emendatione
2326 851 2646 936 privilegii
2690 851 2771 915 ab
2804 850 3110 917 Heinrico
3142 853 3203 916 V
3247 854 3398 938 imp.

519 956 641 1040 ipsi
686 955 942 1020 extorti.

893 1084 944 1119 v.
981 1063 1172 1129 Roma,
1209 1063 1263 1119 S.
1290 1064 1352 1118 R.
1380 1063 1443 1119 Ε.
1481 1064 1793 1120 cardinales
1831 1082 1883 1119 n.
1913 1065 1992 1119 12.

522 1187 562 1251 5
2866 1192 3316 1273 (1171—72?)

520 1293 975 1358 Alexander
1018 1292 1120 1356 III
1189 1291 1494 1358 Hubaldo
1553 1314 1654 1376 ep.
1712 1299 1779 1357 et
1837 1292 2393 1378 archipresbytero
2449 1299 2516 1359 et
2560 1295 2914 1359 canonicis:
2972 1295 3262 1361 decernit
3322 1295 3402 1362 de

520 1399 939 1463 testamentis.

900 1526 948 1563 v.
975 1506 1227 1573 Velletri,
1261 1506 1412 1563 Eccl.
1450 1506 1698 1563 cathedr.
1736 1525 1788 1561 n.
1813 1508 1865 1562 4.

518 1630 599 1693 *6
2920 1634 3317 1717 (1159—31)

520 1736 976 1804 Alexander
1018 1737 1124 1802 ΠΙ
1169 1737 1465 1803 concedit
1508 1735 1814 1801 Hubaldo
1863 1758 1963 1821 ep.
2013 1744 2252 1801 terram
2300 1735 2644 1822 quandam.

725 1848 908 1903 Laud.
945 1849 1007 1902 in
1042 1849 1293 1904 chartma
1326 1865 1377 1902 a.
1404 1854 1532 1903 1181
1566 1853 1666 1904 oct.
1693 1855 1754 1902 21
1788 1847 1891 1915 (cd.
1929 1848 1998 1902 A.
2024 1847 2232 1918 Boryia
2260 1865 2320 1917 p.
2349 1855 2478 1912 248,-
2514 1849 2585 1915 cf.
2624 1849 2816 1904 Bauco
2858 1853 2873 1884 ¹
2905 1850 2980 1903 II
3004 1858 3100 1912 695
3138 1852 3159 1882 ²
3197 1849 3264 1902 11
3305 1853 3401 1918 73).

518 1968 583 1977 —
741 1977 752 1989 .
788 1935 905 1991 JL.
943 1966 1025 1989 —.

621 1936 738 2005 Ray
892 2029 1102 2086 Eadem
1146 2030 1369 2087 videtur
1412 2031 1552 2086 haec
1608 2028 1888 2085 concessio
1941 2047 2008 2085 ac
2058 2030 2184 2093 illa,
2248 2030 2315 2085 de
2361 2048 2475 2100 qua
2519 2029 2721 2086 Theuli
2775 2048 2832 2100 p.
2873 2031 2998 2086 148:
3061 2032 3137 2096 „A
3163 2030 3400 2098 Ubaldo,

724 2118 952 2173 essendo
989 2116 1241 2174 cardinal
1278 2117 1489 2173 decano
1525 2134 1556 2173 e
1595 2133 1857 2181 vescovo,
1901 2117 1975 2171 da
2020 2134 2175 2188 papa
2210 2116 2540 2172 Alessandro
2579 2121 2732 2172 terzo
2767 2117 2824 2171 fu
2863 2116 3071 2173 donato
3108 2136 3180 2171 un
3218 2119 3402 2173 casale

722 2221 823 2274 per
856 2203 914 2259 la
950 2204 1142 2260 chiesa
1178 2203 1487 2269 Veliterna⁹
1523 2203 1658 2273 qual
1695 2202 2000 2259 donatione
2036 2202 2082 2258 si
2121 2219 2386 2259 conserva
2420 2203 2552 2259 nell·
2588 2202 2841 2260 archivio
2878 2204 3031 2260 della
3066 2205 3397 2261 catedrale.“

1275 2498 1599 2566 Ecclesia
1643 2496 2092 2565 cathedralis
2138 2514 2197 2564 s.
2225 2496 2637 2566 Clementis.

735 2656 1068 2722 Ecclesiae
1135 2654 1523 2721 cathedralis
1579 2679 1626 2719 s.
1666 2655 2020 2721 Clementis
2082 2655 2437 2739 archivum,
2497 2655 2707 2720 adhuc
2773 2676 2974 2740 penes
3040 2658 3398 2741 canonicos,

514 2763 798 2827 continet
826 2760 1211 2825 documenta
1243 2760 1392 2825 inde
1426 2759 1509 2824 ab
1541 2781 1598 2824 a.
1626 2762 1772 2842 946,
1806 2781 2077 2846 quorum
2109 2760 2463 2824 inventaria
2496 2759 2623 2824 duo
2655 2759 2995 2824 habemus:
3032 2759 3397 2825 Inventario

515 2887 550 2930 e
598 2866 970 2930 discrizione
1017 2866 1082 2927 in
1128 2864 1409 2928 succinto
1457 2863 1523 2927 di
1569 2868 1732 2929 tutte
1779 2863 1840 2928 le
1885 2883 2301 2947 pergamene,
2347 2863 2493 2927 libri
2538 2863 2619 2927 ed
2666 2863 2828 2927 altre
2860 2865 3153 2928 scritture
3202 2914 3216 2928 .
3253 2915 3266 2929 .
3315 2864 3398 2928 da

515 2970 700 3037 Giov.
746 2968 920 3034 Batt.
967 2967 1050 3033 de
1095 2967 1316 3033 Paulis
1362 2988 1418 3032 a.
1458 2970 1650 3048 1708,
1706 2972 1771 3031 et
1826 2966 2195 3031 Inventario
2243 2966 2307 3030 di
2362 2972 2525 3032 tutte
2573 2967 2634 3031 le
2690 2988 3081 3053 pergamene
3139 2974 3258 3033 etc.
3318 2967 3402 3032 da

513 3076 654 3141 Nic.
709 3072 1056 3139 Piernicoli
1127 3093 1183 3136 a.
1242 3074 1423 3137 1843.
1534 3072 2085 3137 Documentorum
2154 3073 2531 3158 antiquioris
2600 3073 2744 3136 aevi
2811 3078 3070 3157 regesta
3134 3073 3405 3158 praebet

513 3181 869 3246 Stevenson
913 3178 979 3240 in
1021 3176 1217 3240 Arch.
1266 3176 1439 3242 della
1484 3175 1626 3240 Soc.
1676 3175 1864 3240 Rom.
1896 3176 2035 3240 XII
2085 3181 2164 3242 73
2189 3198 2283 3261 sq.

720 3369 776 3423 A
827 3391 892 3414 =
929 3366 1082 3438 Orig.
1124 3365 1361 3423 Velletri
1397 3366 1563 3422 Arch.
1600 3364 1929 3435 capitolare.

719 3456 775 3509 B
828 3477 891 3501 =
930 3453 1066 3524 Cop.
1102 3453 1179 3509 ib.

513 3563 550 3624 1
2595 3557 2803 3621 Roma
2847 3555 3015 3619 1065
3061 3556 3197 3621 iun.
3232 3561 3315 3620 11

511 3664 964 3732 Alexander
1008 3663 1078 3727 Π
1139 3663 1285 3729 Tito
1356 3662 1748 3747 archipresb.
1818 3662 1971 3726 eccl.
2042 3684 2091 3726 s.
2135 3662 2485 3728 Clementis
2553 3662 2821 3747 aliisque
2879 3660 3271 3746 presbyteris
3338 3664 3401 3726 in

511 3770 770 3834 civitate
813 3768 981 3833 Vell.
1037 3767 1615 3833 commanentibus:
1686 3787 1771 3831 ex
1827 3787 2019 3851 prece
2075 3766 2255 3832 Petri
2309 3765 2611 3830 Damiani
2665 3786 2846 3850 coep.
2902 3765 3263 3850 confirmat,
3331 3773 3403 3830 ut

512 3874 723 3939 nullus
791 3893 1013 3938 eorum
1090 3870 1427 3956 quodlibet
1490 3871 1819 3936 servitium
1880 3876 2078 3955 atque
2140 3871 2472 3954 angariam
2528 3869 2751 3952 faciet,
2820 3869 3113 3934 foderum
3183 3876 3400 3934 autem

511 4000 639 4044 non
684 3978 858 4060 dent,
904 3975 1158 4040 hostem
1203 3995 1357 4040 vero
1405 3975 1668 4039 minime
1716 3973 1957 4038 faciant
1997 3994 2211 4058 neque
2259 3973 2539 4037 bandum
2584 3994 2795 4058 neque
2840 3971 3041 4037 ullam
3072 3973 3398 4040 dationem

511 4088 624 4147 aut
667 4102 924 4167 quoquo
969 4079 1163 4145 modo
1209 4080 1729 4165 promissionem,
1786 4077 1942 4143 dent
1995 4077 2203 4142 solum
2250 4078 2554 4163 episcopo
2601 4077 2905 4161 reditum,
2961 4078 3094 4142 scil.
3142 4081 3398 4144 tertiam

511 4191 764 4271 partem
823 4190 1354 4250 testamentorum
1415 4191 1482 4248 et
1536 4183 1934 4248 oblationum
1991 4184 2180 4247 trium
2244 4184 2581 4248 missarum
2650 4189 2717 4247 et
2784 4189 3078 4267 quartam
3145 4190 3396 4268 partem

511 4289 925 4354 dec-imarum.
973 4325 1052 4338 -
1105 4287 1173 4353 Si
1220 4290 1546 4354 extraneis
1590 4288 1919 4372 laicisque.
1998 4286 2134 4352 Sor.
2181 4310 2242 4373 p.
2275 4309 2360 4351 m.
2410 4286 2721 4371 Stephani
2769 4292 2899 4350 not.
2932 4305 3067 4374 reg.
3116 4295 3183 4355 et
3212 4290 3395 4354 scrin.

511 4392 575 4458 S.
608 4392 688 4458 R.
721 4393 818 4478 E„
864 4395 930 4457 in
973 4415 1059 4458 m.
1107 4391 1283 4479 [iun.]
1349 4401 1417 4457 et
1468 4392 1599 4457 ind.
1648 4413 1729 4456 ss.
1765 4395 1823 4457 3.
1924 4390 2179 4456 Subscr.
2229 4392 2551 4456 Iohannes
2595 4392 2902 4457 Portuen.
2961 4414 3063 4476 ep.
3113 4399 3179 4458 et
3223 4392 3397 4457 Ilde-

510 4498 791 4562 brandus
834 4496 1179 4563 archidiac.
1270 4495 1446 4584 [Dat.
1491 4493 1769 4583 Romae]
1819 4500 1856 4562 3
1888 4495 1974 4559 id.
2021 4497 2149 4560 iun.
2197 4518 2259 4581 p.
2307 4517 2391 4560 m.
2461 4495 2641 4561 Petri
2688 4495 2751 4560 S.
2787 4496 2866 4561 R.
2908 4496 2983 4561 Ε.
3032 4495 3217 4579 bibl.‚
3264 4517 3321 4561 a.
3356 4503 3394 4561 4

510 4609 686 4688 pont.
738 4601 798 4666 d.
846 4602 1203 4668 Alexandri
1249 4624 1357 4688 pp.
1403 4601 1492 4684 Π,
1537 4601 1669 4666 ind.
1704 4604 1761 4666 3.

716 4713 773 4766 B
822 4730 864 4767 ε.
902 4713 1034 4767 XII
1062 4713 1139 4766 in.
1217 4712 1325 4783 [Βι
1364 4730 1416 4766 a.
1444 4712 1620 4784 1320].
1682 4742 1748 4750 -
1805 4711 1954 4765 Εάἀ.
2002 4714 2071 4766 A.
2107 4710 2316 4782 Boryia
2348 4727 2407 4779 p.
2435 4717 2529 4766 183
2579 4726 2643 4765 m:
2695 4711 2750 4764 Β
2797 4734 2861 4757 ---
2909 4711 3194 4765 Minui-elli
3246 4712 3397 4766 Arm.

511 4799 750 4854 Gannald.
790 4800 866 4854 II
906 4801 1052 4870 App.
1094 4817 1152 4868 p.
1192 4807 1299 4855 200
1347 4816 1403 4853 n.
1430 4806 1526 4853 110
1582 4821 1647 4845 ---
1703 4798 1893 4868 Miqne
1946 4796 2207 4852 CXLVI
2242 4803 2379 4852 1309
2421 4814 2477 4852 n.
2513 4804 2596 4851 29.
2670 4800 2860 4851 Bauco
2900 4799 2918 4830 ¹
2955 4796 3029 4849 ΙΙ
3065 4802 3162 4852 118
3204 4802 3317 4851 not.
3346 4806 3400 4863 1,-

510 4889 533 4920 ²
558 4885 640 4939 ΙΙ
655 4893 750 4940 129
773 4890 876 4940 not.
897 4894 944 4941 2.
970 4917 1035 4929 -
1065 4887 1222 4956 Reyq.
1248 4886 1388 4941 Savo
1420 4902 1471 4953 p.
1501 4892 1548 4939 6.
1575 4894 1655 4940 45.
1712 4883 1998 4939 &cosmon
2016 4900 2077 4952 p.
2107 4891 2174 4938 94
2198 4901 2254 4938 οι.
2282 4891 2355 4939 9·
2381 4888 2503 4951 etp.
2531 4891 2594 4938 96
2615 4900 2669 4939 n.
2700 4885 2786 4938 9b.
2845 4882 2901 4937 J.
2925 4888 3075 4938 3402.
3113 4881 3231 4938 JL.
3253 4890 3395 4938 4569.

887 4981 968 5036 Ea
1014 4999 1160 5051 quae
1206 5001 1255 5037 v.
1291 4980 1826 5051 Pflngk-Harttung
1872 4980 2019 5035 Acta
2065 4980 2116 5035 Il
2171 4980 2271 5036 146
2317 4980 2390 5035 ad
2435 4997 2490 5033 n.
2526 4978 2625 5035 178
2677 4980 2873 5034 contra
2909 4976 3215 5033 Alexandri
3252 4977 3303 5032 11
3339 4983 3399 5034 et

715 5066 930 5123 Urbani
957 5069 1008 5123 II
1056 5071 1128 5135 (n.
1156 5070 1209 5136 2)
1255 5068 1537 5125 bullarum
1586 5068 1750 5123 fidem
1798 5067 2041 5138 profert,
2085 5068 2297 5122 nullius
2340 5065 2612 5122 momenti
2656 5069 2803 5121 sunt.
2874 5063 3077 5119 Mirum
3111 5065 3213 5130 est,
3250 5064 3401 5133 quod

715 5152 890 5209 etiam
925 5153 1222 5211 Mittarelli
1256 5156 1310 5211 11
1349 5155 1444 5211 301
1485 5154 1789 5226 plurimum
1824 5155 1893 5209 de
1928 5154 2107 5225 ipsius
2142 5152 2429 5226 privilegii
2463 5150 2908 5208 authenticitate
2942 5149 3305 5206 dubitaverit.
3333 5181 3397 5189 —

716 5242 798 5296 De
833 5240 1120 5297 canonicis
1154 5243 1289 5299 eccl.
1318 5242 1439 5298 Vel.
1475 5242 1546 5297 cf.
1581 5241 1756 5298 etiam
1795 5241 1947 5298 Petri
1983 5241 2246 5297 Damiani
2281 5241 2581 5312 epistolam
2615 5240 2784 5311 (Opp.
2823 5238 2903 5293 111
2941 5253 3129 5308 opusc.
3154 5236 3261 5304 34).
