4055 6069
697 481 786 541 52
2017 470 2255 531 Latium.

694 651 968 734 sidione,
1039 649 1278 735 oppida
1333 649 1605 714 Pontiae
1661 655 1728 714 et
1781 648 2000 713 Efides
2060 651 2379 734 recepisse
2449 669 2654 734 eaque
2726 649 2997 716 Iohanni
3065 649 3286 716 abbati
3352 652 3581 718 Subla-'-

696 756 869 820 censi
915 775 971 819 a.
1027 758 1189 820 1109
1244 760 1406 839 sept
1444 760 1477 819 7
1544 755 1966 838 commisisse,
2026 753 2300 818 Albinus
2355 761 2423 819 et
2480 754 2753 819 Oeneius
2811 754 3122 820 adnotant
3175 777 3258 821 ex
3310 758 3583 845 registro

693 857 1029 924 Paschalis
1056 858 1126 922 Π
1158 856 1497 943 (Muratori
1524 859 1746 944 Antiq.
1780 859 1815 923 I
1847 863 1999 935 6193
2032 859 2276 925 Fabre-
2279 859 2622 925 Duchesne
2653 858 2687 922 I
2720 858 2904 944 407);
2938 862 3046 946 qui
3078 883 3214 928 rem
3243 863 3582 949 privilegio

694 984 808 1027 suo
839 985 897 1028 a.
940 967 1100 1027 1117
1134 984 1279 1047 aug.
1312 965 1393 1025 24
1438 963 1836 1029 confirmavit
1866 963 1951 1047 (v.
1986 963 2281 1048 Subiaco,
2313 963 2484 1028 Mon.
2518 986 2568 1030 s.
2600 964 2937 1028 Benedicti
2969 972 3035 1029 et
3064 987 3112 1028 s.
3148 965 3582 1032 Scholasticae

694 1088 752 1131 n.
789 1066 920 1153 40).
1010 1065 1116 1130 Ab
1162 1064 1417 1131 abbatia
1454 1064 1830 1130 Sublacensi
1860 1065 2278 1131 Il'demundus
2311 1068 2575 1152 eiusque
2620 1066 2786 1130 filius
2818 1066 3156 1153 Philippus
3202 1068 3281 1134 de
3315 1070 3580 1134 Marano

694 1170 856 1235 haec
923 1176 1132 1234 castra
1192 1176 1533 1234 tenuerunt
1589 1169 1782 1255 (Reg.
1845 1168 2183 1236 Sublacen.
2251 1169 2398 1234 edd.
2439 1169 2658 1234 Allodi
2714 1191 2750 1234 e
2803 1170 2963 1235 Levi
3010 1193 3072 1256 p.
3114 1175 3240 1237 246
3302 1194 3361 1236 n.
3406 1173 3581 1258 206).

695 1272 825 1338 Sed
880 1273 1276 1359 temporibus
1330 1273 1689 1339 Alexandri
1734 1273 1840 1338 III
1896 1272 2174 1339 eundem
2220 1273 2591 1359 Philippum
2638 1280 2850 1338 castra
2893 1274 3169 1339 Pontiae
3215 1281 3284 1340 et
3325 1275 3580 1341 Effidae

693 1378 1018 1462 invasisse,
1073 1377 1368 1444 monachi
1433 1377 1858 1443 Sublacenses
1925 1381 1990 1442 in
2054 1377 2274 1444 libello
2332 1378 2600 1464 querulo
2660 1385 3094 1462 exposuerunt
3145 1378 3216 1464 (l.
3258 1401 3311 1444 c.
3351 1403 3412 1445 n.
3448 1379 3580 1465 48).

690 1481 931 1546 Postea
994 1484 1161 1547 inter
1214 1482 1706 1548 Praenestinum
1764 1484 2136 1569 episcopum
2184 1488 2251 1548 et
2295 1482 2753 1547 Sublacensem
2800 1481 3104 1548 abbatem
3151 1486 3582 1549 controversia

692 1591 834 1649 orta
889 1592 988 1650 est
1033 1585 1112 1650 de
1159 1588 1296 1651 iure
1342 1587 1699 1671 parochiali
1745 1590 1810 1653 in
1853 1588 2135 1654 castellis
2177 1589 2451 1654 Pontiae
2499 1594 2565 1653 et
2608 1587 2898 1673 Affidae,
2955 1611 3149 1674 quam
3193 1593 3429 1658 Lucius
3475 1590 3579 1655 111

692 1687 1000 1754 Gratiano
1056 1713 1137 1755 ss.
1183 1690 1457 1757 Cosmae
1515 1698 1582 1757 et
1633 1692 1935 1759 Damiani
1992 1692 2156 1759 diac.
2214 1692 2385 1758 card.
2435 1694 2754 1757 commisit
2798 1691 2883 1777 (V.
2921 1693 3311 1780 Palestrina,
3362 1694 3577 1779 Episc.

690 1815 750 1857 n.
791 1792 878 1878 5).
971 1794 1520 1879 compositionem
1574 1820 1632 1863 a.
1685 1801 1837 1863 1181
1900 1797 1980 1863 de
2027 1820 2095 1863 re
2144 1798 2414 1882 factam,
2462 1819 2587 1882 qua
2648 1796 2891 1862 Paulus
2932 1799 3275 1884 episcopus
3336 1798 3578 1863 Simoni

690 1897 912 1963 abbati
959 1920 1147 1964 omne
1203 1901 1300 1963 ius
1344 1900 1713 1983 parochiale
1760 1902 2109 1983 concessit,
2163 1905 2415 1964 retenta
2462 1906 2679 1963 tamen
2725 1900 3124 1985 episcopatui
3168 1922 3281 1965 suo
3329 1922 3577 1965 correc-

691 2002 866 2066 tione
921 2002 1296 2067 clericorum
1353 2011 1421 2068 et
1478 2004 1784 2068 laicorum
1841 2006 1903 2068 in
1961 2002 2254 2068 omnibus
2314 2002 2747 2068 criminalibus
2805 2003 3055 2069 delictis
3113 2011 3180 2070 et
3237 2005 3578 2070 reservatis

689 2104 811 2169 sibi
857 2105 1124 2171 decimis
1170 2113 1235 2173 et
1265 2109 1649 2192 mortuariis,
1696 2108 1867 2175 idem
1913 2109 2151 2174 Lucius
2181 2107 2286 2172 III
2332 2108 2733 2173 confirmavit
2777 2108 2846 2191 (l.
2895 2130 2948 2173 c.
2994 2130 3055 2174 n
3089 2110 3176 2194 6).

693 2284 730 2343 1
3088 2282 3489 2365 (1176—81)

687 2384 1143 2450 Alexander
1188 2384 1293 2449 III
1336 2385 1728 2471 presbyteris
1756 2387 2031 2452 Pontiae
2065 2393 2130 2451 et
2160 2387 2392 2451 Afidae
2423 2328 2667 2467 (Pontii
2700 2393 2765 2451 et
2793 2386 2984 2450 Asilii
3014 2385 3187 2451 codd.
3190 2386 3245 2471 ):
3292 2386 3574 2469 mandat,

691 2495 1004 2574 quatenus
1078 2495 1114 2553 4
1172 2490 1335 2554 feria
1386 2493 1678 2575 proxime
1744 2493 2071 2576 sequentis
2138 2490 2587 2556 hebdomadae
2651 2512 2718 2554 se
2786 2490 3138 2576 apostolico
3209 2490 3574 2574 conspectui

688 2600 1128 2678 praesentent,
1183 2614 1325 2658 cum
1385 2596 1449 2659 in
1503 2617 1725 2679 causa,
1782 2617 1948 2680 quae
1993 2597 2162 2660 inter
2204 2594 2604 2660 Praenestin.
2653 2615 2753 2679 ep.
2801 2601 2869 2659 et
2912 2593 3251 2659 Sublacen.
3299 2592 3444 2657 abb.
3494 2593 3574 2657 de

691 2698 827 2761 iure
872 2698 1226 2782 parochiali
1272 2701 1569 2783 vertitur,
1627 2720 1849 2764 eorum
1909 2701 2343 2765 testimonium
2403 2700 2485 2762 sit
2542 2700 2989 2763 necessarium.
3039 2735 3122 2746 —-
3174 2696 3336 2761 Cum
3381 2717 3576 2781 super

697 2820 909 2865 081188.

895 2911 1049 2968 Decr.
1077 2911 1319 2983 Greyon‘i
1342 2913 1440 2967 IX
1462 2914 1548 2968 lib.
1575 2914 1654 2968 ΙΙ
1667 2920 1704 2968 t.
1731 2921 1792 2968 21
1816 2929 1859 2968 c.
1885 2921 1917 2968 2
1940 2918 1989 2968 et
2011 2914 2077 2968 in
2100 2914 2224 2969 aliis
2254 2913 2655 2969 collectiombws.
2679 2943 2746 2953 —
2774 2908 2921 2969 Edd.
2947 2912 3250 2982 Amyn-atini
3279 2910 3569 2967 Tarracon.

693 2996 826 3067 Opp.
864 2997 960 3054 IV
986 3007 1099 3056 105.
1165 3000 1356 3055 Mami
1395 2999 1590 3055 XXII
1618 3006 1729 3057 305.
1802 2999 2094 3070 mabery
2129 3000 2200 3055 11
2225 3006 2337 3057 341.
2376 3029 2440 3041 —-
2483 2999 2640 3071 chy.
2678 2999 2731 3055 J.
2773 3006 2915 3055 9123,
2977 2998 3083 3054 JL.
3123 3006 3295 3055 14067.
