4055 6069
1100 498 1505 556 Patrimonium
1540 498 1895 555 Tiburtinum
1934 530 1999 539 —-
2038 498 2441 555 Patrimonium
2476 498 2794 556 Sabinense.
3348 503 3387 564 9

510 672 587 736 *5
2943 674 3303 757 (741—52)

509 775 917 841 Zacharias
961 777 1291 863 praedium
1341 800 1381 843 a
1411 777 1751 843 Theodoro
1796 777 1926 842 filio
1966 779 2226 862 Megisti
2273 785 2416 844 cata
2459 777 2724 860 Xanthi,
2771 779 2962 842 situm
2993 778 3054 843 V
3099 778 3179 843 ab
3210 777 3387 844 Urbe

507 882 637 945 mil.
693 883 798 946 via
857 882 1216 967 Tiburtina,
1278 882 1338 947 b.
1395 882 1591 948 Petro
1652 881 1972 967 relictum,
2031 904 2304 968 magnae
2365 882 2847 947 constructionis
2892 881 3149 946 fabricis
3194 888 3388 967 atque

508 985 771 1068 picturis
817 986 1080 1052 decorat
1111 988 1506 1073 ampliatque
1553 989 1617 1050 in
1661 1007 1739 1051 eo
1786 985 1945 1051 fines
1989 1009 2073 1053 ex
2119 988 2292 1052 omni
2322 993 2506 1073 parte
2554 1036 2568 1052 .
2636 985 2965 1071 ,praedia
3023 992 3089 1052 et
3128 986 3387 1050 domum

509 1090 745 1156 cultam
791 1090 851 1156 b.
896 1092 1097 1157 Petro
1145 1091 1420 1157 eundem
1465 1092 1677 1156 locum
1723 1092 1860 1156 iure
1905 1098 2219 1177 perpetuo
2266 1092 2488 1157 statuit
2529 1089 3064 1177 permanendum,
3113 1111 3277 1175 quae
3325 1095 3391 1154 et

511 1193 735 1259 domus
781 1196 952 1260 culta
996 1218 1044 1263 s.
1093 1196 1415 1261 Caeciliae
1464 1246 1477 1260 .
1513 1244 1527 1258 .
1575 1202 1859 1260 vocatur.

716 1297 897 1353 Laud.
933 1299 994 1352 in
1040 1298 1166 1353 Vita
1198 1298 1502 1353 Zachariae
1537 1297 1680 1367 (Lib.
1708 1298 1911 1366 pontif.
1950 1298 2572 1365 ed.DuchoencI43-1).
2610 1327 2677 1338 —-
2714 1297 2847 1367 Ray.
2886 1297 2995 1353 JE.
3032 1328 3115 1352 —-.

885 1384 953 1440 cf.
1003 1384 1309 1442 Deusdedit
1352 1383 1447 1438 lib.
1477 1383 1558 1437 111
1603 1402 1650 1438 c.
1681 1384 1778 1439 188
1817 1384 1955 1454 [149]
2005 1385 2151 1453 (edd.
2196 1384 2527 1441 Martinucci
2574 1403 2629 1455 p.
2654 1384 2783 1448 314;
2838 1383 3000 1439 Wolf
3041 1402 3090 1438 v.
3128 1382 3386 1440 Glanvell

716 1488 770 1540 p.
797 1471 937 1539 351).
1009 1470 1248 1527 Albinus
1283 1471 1379 1527 lib.
1406 1471 1472 1527 X.
1546 1470 1781 1527 Oeneius
1816 1489 1863 1525 c.
1891 1472 1952 1527 71
1994 1472 2100 1541 (ed.
2134 1472 2626 1528 FabraDuchesne
2653 1473 2677 1525 I
2710 1472 2849 1540 346).
2886 1501 2951 1511 —
2992 1472 3199 1526 Auctor
3224 1470 3390 1527 Vitae

714 1557 1017 1614 Zachariae
1043 1557 1099 1624 (1.
1126 1562 1192 1628 o.)
1230 1561 1439 1625 narrat,
1478 1557 1845 1624 Theodorum,
1883 1558 2148 1615 maiorem
2183 1559 2358 1614 fllium
2395 1556 2625 1630 Megisti
2660 1560 2792 1613 cata
2829 1557 3061 1624 Xanthi,
3096 1556 3386 1627 praedium

713 1662 887 1711 suum,
910 1644 1010 1699 ubi
1034 1644 1205 1702 etiam
1231 1645 1534 1705 oratorium
1569 1664 1613 1700 s.
1644 1644 1940 1711 Caeciliae,
1977 1645 2032 1701 b.
2056 1645 2220 1702 Petro
2256 1644 2564 1715 reliquisse.

509 1759 544 1798 ξ
3102 1794 3188 1803 -.

509 1762 930 1929 Zbacharias
975 1865 1148 1930 locat
1190 1864 1355 1930 Urso
1416 1863 1682 1930 fimdum
1726 1865 2079 1930 Ananvilas
2133 1885 2279 1929 oum
2331 1863 2688 1949 appendice
2735 1885 2848 1928 suo
2896 1756 3389 1949 (3276ᾒώἱόξίιυί

509 1973 577 2033 et
635 1967 995 2033 Corcorulis
1051 1976 1117 2034 et
1170 1968 1535 2054 tabernale,
1595 1991 1732 2054 pos
1796 1970 1863 2033 in
1916 1970 2173 2034 civitate
2230 1968 2592 2052 Tiburtina,
2648 1989 2732 2033 ex
2799 1988 3066 2053 corpore
3136 1988 3387 2033 massae

510 2072 995 2138 Intromuranae
1041 2082 1205 2159 patr.
1253 2074 1564 2139 Tiburtin.

714 2175 1020 2230 Deuadedit
1068 2176 1152 2230 1212.
1189 2176 1300 2231 ΙΙΙ
1336 2193 1379 2231 c.
1406 2183 1506 2231 258
1554 2176 1714 2247 [149]
1764 2192 1831 2231 ex
1863 2175 2083 2245 regristro
2117 2173 2420 2229 Zaclaafiae
2457 2174 2589 2243 (edd.
2629 2174 2964 2229 Martinucci
2990 2191 3048 2244 p.
3073 2181 3196 2241 327,-
3243 2173 3400 2245 Wolf

508 2279 551 2317 v.
589 2261 839 2317 Glanvell
871 2279 929 2331 p.
954 2265 1088 2326 376).
1143 2263 1375 2317 Albinus
1409 2262 1493 2316 zib.
1525 2262 1589 2316 X
1617 2278 1659 2318 c.
1679 2269 1763 2318 30.
1820 2261 2042 2317 Uenetae
2078 2276 2122 2315 c.
2151 2268 2208 2315 71
2251 2259 2350 2328 (od.
2387 2260 2869 2317 Faba-Ducam
2893 2261 2932 2315 1
2960 2265 3102 2331 354).
3127 2290 3193 2300 —
3220 2260 3388 2330 Reqy.

510 2350 566 2404 J.
594 2355 733 2404 1766.
769 2347 879 2403 JE.
908 2352 1055 2404 2302.
2277 2412 2294 2429 .

510 2466 550 2526 7
2862 2461 2991 2524 939
3037 2459 3187 2525 mai.
3218 2458 3307 2523 27

508 2569 664 2633 Leo
693 2567 826 2633 VH
868 2567 1074 2631 Leoni
1121 2567 1341 2632 abbati
1385 2589 1555 2632 mon.
1590 2566 1930 2633 Sublacen.
1975 2573 2131 2632 etc.:
2180 2566 2474 2632 concedit
2512 2587 2791 2632 massam
2838 2588 2899 2652 q.
2934 2563 2993 2629 d.
3026 2563 3391 2628 Iubenzana

513 2679 580 2737 et
622 2671 1071 2736 Intermurana
1116 2691 1258 2735 cum
1306 2671 1600 2737 omnibus
1644 2671 1856 2736 fundis
1902 2673 2051 2736 suis.

885 2791 935 2828 v.
972 2773 1226 2839 Subiaco,
1263 2773 1408 2829 Mon.
1446 2793 1486 2829 s.
1519 2773 1810 2829 Benedicti
1845 2778 1903 2830 et
1938 2793 1979 2829 s.
2006 2773 2391 2829 Scholasticae
2426 2791 2480 2827 n.
2509 2774 2590 2829 13.

1458 3013 1986 3083 Patrimonium
2037 3011 2446 3083 sabinense.
2522 3014 2528 3020 '

723 3155 798 3219 In
833 3156 1151 3220 territorio
1185 3154 1522 3220 Sabinensi
1549 3154 1910 3219 Romanam
1943 3154 2283 3219 ecclesiam
2330 3152 2483 3218 olim
2513 3153 2964 3239 patrimonium
3008 3151 3390 3237 possedisse,

514 3279 596 3324 ex
640 3257 934 3344 Gregorii
968 3259 1000 3322 I
1054 3258 1326 3342 regestis
1370 3257 1720 3343 colligitur,
1779 3256 1889 3321 ubi
1942 3259 2186 3323 mentio
2243 3257 2317 3322 fit
2357 3256 2609 3340 Urbici,
2670 3255 2992 3341 quondam
3039 3254 3392 3320 defensoris

513 3363 593 3428 de
646 3365 1029 3449 patrimonio
1088 3362 1419 3428 Savinensi
1480 3369 1674 3448 atque
1744 3362 2115 3429 Cartiolano
2178 3361 2263 3447 (v.
2306 3361 2545 3441 Tivoli,
2605 3361 2920 3426 Tiburtini
2975 3361 3145 3425 cives
3196 3381 3258 3424 n.
3305 3359 3389 3445 1).

512 3466 655 3532 Hoc
712 3466 1062 3532 Sabinense
1120 3468 1602 3553 patrimonium,
1664 3487 1780 3552 per
1825 3488 2024 3531 annos
2073 3466 2269 3531 XXX
2324 3465 2636 3531 ecclesiae
2689 3465 3024 3530 Romanae
3087 3463 3393 3547 ablatum,

511 3570 944 3663 Liutprandus
988 3591 1103 3635 rex
1147 3569 1743 3656 Langobardorum,
1791 3569 2105 3635 Zacharia
2148 3590 2320 3655 papa
2363 3570 2779 3654 impetrante,
2826 3568 2887 3634 b.
2920 3570 3116 3633 Petro
3163 3569 3394 3633 iterum

514 3676 826 3739 concessit
871 3673 1041 3760 (Lib.
1088 3674 1315 3759 pontif.
1362 3673 1463 3740 ed.
1510 3673 1853 3740 Duohesne
1896 3673 1931 3737 I
1975 3674 2151 3760 428).
2240 3673 2396 3738 Eius
2440 3673 2908 3739 restitutionem
2953 3670 3322 3737 Hadrianus
3362 3672 3396 3736 I

515 3801 570 3843 a.
607 3784 684 3843 77
692 3782 750 3862 8,
799 3782 916 3844 781
955 3784 1021 3844 et
1054 3782 1174 3844 782
1222 3801 1261 3843 a
1293 3778 1525 3845 Carolo
1571 3799 1726 3864 rege
1768 3777 2162 3844 Francorum
2209 3784 2276 3843 et
2312 3777 2886 3863 Langobardorum
2928 3777 3216 3863 pluribus
3255 3780 3395 3862 epi-

516 3882 693 3947 stolis
724 3883 911 3968 petiit
953 3881 1143 3968 (Cod.
1176 3883 1388 3949 Carol.
1423 3905 1567 3968 epp.
1600 3888 1702 3949 60.
1736 3886 1837 3948 68.
1872 3886 1974 3947 69.
2011 3888 2112 3948 70.
2161 3888 2261 3947 71.
2312 3885 2413 3965 72,
2459 3881 2605 3946 edd.
2637 3883 2809 3947 Mon.
2844 3880 3060 3946 Germ.
3092 3881 3257 3967 Epp.
3290 3881 3395 3945 111

516 3990 659 4053 586.
694 3990 1054 4053 597—602.
1103 3988 1165 4052 J.
1207 3991 1388 4053 1854.
1440 3991 1623 4053 1865.
1678 3989 1862 4052 1866.
1916 3989 2100 4052 1864.
2154 3989 2338 4053 1870.
2385 3985 2504 4050 JE.
2539 3989 2726 4051 2423.
2761 3989 2949 4051 2433.
2980 3988 3171 4050 2434.
3204 3987 3393 4050 2436.

516 4089 732 4175 2440).
822 4089 897 4155 In
955 4091 1308 4177 privilegiis
1352 4098 1567 4155 autem
1614 4091 1926 4155 ecclesiae
1972 4090 2309 4156 Romanae
2377 4089 2458 4154 ab
2525 4088 3018 4175 imperatoribus
3080 4089 3397 4154 concessis

516 4203 720 4261 totum
767 4197 1155 4261 territorium
1200 4194 1553 4260 Sabinense
1599 4215 1639 4258 a
1670 4194 1904 4261 Carolo
1950 4195 2103 4278 imp.
2151 4193 2212 4257 b.
2260 4194 2461 4258 Petro
2508 4192 2812 4258 donatum
2857 4193 3054 4258 fuisse
3099 4193 3392 4279 legimus.

514 4289 862 4384 Utriusque
914 4300 1282 4385 patrimonii
1332 4298 1699 4364 Sabinensis
1751 4298 1817 4362 in
1870 4298 2140 4363 concilio
2179 4297 2532 4363 Ravennae
2596 4319 2637 4362 a
2683 4297 2971 4364 Iohanne
3010 4297 3180 4363 VIII
3223 4296 3395 4362 cele-

516 4403 697 4468 brato
743 4405 983 4469 mentio
1028 4403 1131 4487 fit,
1188 4401 1302 4469 sed
1350 4403 1429 4468 de
1476 4402 1720 4467 eisdem
1775 4401 2023 4467 duobus
2067 4403 2466 4487 patrimoniis
2510 4403 2574 4465 in
2620 4400 2860 4466 Sabina
2905 4400 3147 4465 nullam
3196 4400 3391 4464 aliam

515 4509 806 4571 notitiam
850 4506 1185 4573 habemus.
1275 4506 1582 4573 Silvester
1624 4505 1696 4571 H
1741 4505 2016 4591 denique
2064 4506 2148 4571 ad
2195 4507 2503 4572 Ottonem
2545 4505 2651 4569 III
2702 4507 2854 4590 imp.
2910 4505 3158 4570 litteras
3203 4503 3394 4587 misit,

514 4617 584 4675 ut
630 4611 797 4676 bona
838 4612 905 4675 in
950 4610 1186 4675 Sabino
1233 4612 1355 4676 sita
1399 4610 1518 4675 sibi
1564 4612 1812 4676 restitui
1859 4610 2111 4676 iuberet
2154 4608 2244 4696 (J.
2293 4613 2481 4675 2997.
2528 4610 2646 4675 JL.
2682 4608 2898 4696 3913).

728 4712 1157 4800 Episcopatus
1198 4722 1262 4780 et
1294 4717 1593 4781 territorii
1629 4714 1996 4781 Sabinensis
2026 4716 2206 4801 regio
2238 4715 2797 4800 septemtrionalis,
2842 4713 2950 4778 ubi
2981 4713 3395 4795 Malleanum,

514 4817 730 4903 Farfa,
777 4817 995 4883 Rocca
1041 4820 1304 4905 antiqua
1347 4820 1471 4884 sita
1514 4827 1680 4904 sunt,
1725 4818 1920 4885 hodie
1965 4820 2331 4904 provinciae
2375 4817 2685 4884 Umbriae
2730 4816 3126 4883 adscribitur.

517 4960 556 5019 1
2877 4956 3004 5018 495
3077 4954 3191 5019 iul.
3221 4957 3310 5019 28

517 5059 878 5125 Gelasius
908 5060 942 5124 I
999 5062 1320 5127 actoribus
1372 5063 1631 5127 urbicis:
1693 5069 1981 5145 testatur,
2031 5083 2142 5127 eos
2188 5062 2475 5126 intulisse
2533 4956 2885 5125 rationibuss
2943 4957 3255 5126 egelesiae
3310 5079 3396 5123 ex

516 5164 949 5247 praestatione
1010 5164 1187 5229 fundi
1233 5166 1530 5231 Claculas
1589 5165 1671 5230 de
1716 5164 2022 5229 fructibus
2069 5167 2218 5229 anni
2264 5165 2628 5230 consulatus
2669 5163 2911 5228 Asterii
2967 5171 3033 5228 et
3076 5161 3394 5229 Praesidii

520 5265 600 5331 de
645 5266 990 5334 indictione
1036 5270 1224 5334 tertia
1269 5271 1406 5335 auri
1436 5270 1551 5335 sol.
1587 5273 1686 5334 30.
1716 5305 1798 5324 —
1832 5269 2103 5334 Constat
2145 5290 2278 5336 vos.
2309 5269 2544 5333 Notavi
2576 5273 2613 5332 5
2646 5267 2776 5331 kal.
2809 5288 2955 5352 aug.
2988 5266 3214 5332 Flavio
3245 5289 3305 5332 v,
3339 5289 3391 5334 c.
