4055 6069
1050 518 1422 590 Episcopatus
1460 518 1874 575 Terracinensis
1910 548 1975 560 -
2013 519 2161 574 Eccl.
2201 517 2542 575 cathedralis
2576 538 2619 575 s.
2646 518 2910 575 Caesarii.
3314 525 3432 585 117

542 698 626 758 ,21
2975 696 3313 756 1159-81

544 797 993 863 Alexander
1049 798 1151 861 III
1222 798 1628 863 Terracinen.
1702 821 1835 883 cp.:
1914 798 2291 883 respondet,
2364 797 2565 882 quod,
2641 819 2785 862 cum
2852 694 3281 883 pegeulosum
3308 704 3433 862 )sit

544 902 836 967 omnibus
881 901 1006 966 Dei
1052 901 1349 966 fidelibus
1395 924 1618 967 usuras
1664 904 1971 987 recipere,
2020 901 2104 966 ad
2147 923 2367 966 earum
2397 902 2779 967 solutionem
2811 902 3020 966 nullus
3052 901 3432 966 christianus

542 1008 623 1070 sit
667 1005 1179 1091 compellendus,
1235 1006 1355 1069 nisi
1410 1006 1769 1069 iuramento
1826 1006 1927 1069 vel
1984 1005 2113 1069 fide
2174 1025 2285 1068 eas
2345 1005 2591 1069 solvere
2647 1011 2919 1071 tenetur.
2966 1044 3041 1051 —-
3097 1004 3304 1089 Supra
3352 1027 3428 1070 eo

545 1109 736 1194 quod.

747 1219 879 1274 Gon.
918 1219 1124 1274 Cotton.
1170 1220 1337 1287 (Bibl.
1379 1220 1525 1275 Mus,
1574 1221 1729 1274 Rritt.
1767 1220 1932 1274 Vitell.
1971 1220 2034 1275 Ε
2067 1221 2236 1275 XIII
2261 1237 2302 1275 s.
2333 1220 2514 1287 XIII)
2547 1220 2588 1287 f.
2615 1224 2749 1275 260¹.
2790 1250 2854 1259 —
2908 1220 3076 1291 Reyq.
3120 1220 3332 1289 Hampc
3368 1222 3431 1273 in

543 1307 613 1362 N.
641 1307 845 1362 Archiv
882 1306 1076 1361 XXII
1094 1312 1206 1362 392.
1265 1306 1442 1361 Scckel
1485 1307 1552 1361 ib.
1582 1306 1769 1361 XXV
1797 1315 1893 1361 524
1929 1324 1984 1362 n.
2010 1315 2056 1362 9.
2110 1307 2219 1362 JL.
2258 1338 2339 1362 -.

921 1393 1127 1448 Eadem
1176 1392 1419 1464 epistola
1454 1392 1740 1449 invenitur
1773 1392 1831 1447 in
1871 1393 2008 1449 Coll.
2050 1394 2274 1449 Paris.1
2312 1412 2358 1449 c.
2396 1394 2490 1449 181
2533 1394 2639 1463 (ed.
2677 1394 2981 1466 Friedberg
3016 1395 3118 1451 Die
3157 1397 3429 1451 Canones-

753 1479 1148 1550 Sammlungen
1173 1479 1446 1535 zwischen
1475 1480 1708 1535 Gratian
1746 1480 1859 1535 und
1885 1481 2170 1536 Bernhard
2195 1499 2302 1537 von
2333 1479 2507 1536 Pavia
2530 1499 2585 1551 p.
2614 1483 2720 1546 63),
2757 1482 2851 1536 ubi
2891 1485 3079 1537 tamen
3107 1482 3431 1538 inscribitur

749 1566 1016 1632 „Trauem
1053 1568 1174 1636 ep.‘

538 1654 663 1717 *22
2933 1656 3337 1737 (1159-sv

540 1757 998 1823 Alexander
1045 1758 1146 1821 III
1193 1758 1487 1823 concedit
1530 1760 1935 1845 privilegium
1982 1762 2416 1845 protectionis.

747 1867 924 1922 Laud.
962 1873 1026 1921 ut
1060 1884 1228 1936 supra
1262 1886 1316 1922 n.
1351 1878 1420 1923 11.
1459 1900 1526 1908 —
1565 1869 1700 1939 Req.
1736 1870 1842 1925 JL.
1883 1902 1965 1927 —.

537 1958 662 2019 *23
2932 1960 3338 2039 (1191-97)

538 2063 1003 2128 Ualentinus
1049 2062 1152 2125 III
1200 2062 1495 2127 concedit
1538 2064 1943 2149 privilegium
1991 2064 2426 2149 protectionis.

745 2172 924 2227 Laud.
961 2178 1025 2225 ut
1061 2188 1231 2241 supra
1268 2189 1325 2226 «n.
1353 2182 1423 2227 11.
1463 2203 1529 2212 —
1569 2172 1698 2241 Ray.
1737 2172 1845 2228 JL.
1882 2202 1964 2227 —-.

1335 2448 1656 2516 Ecclesia
1701 2448 2143 2517 cathedralis
2187 2464 2244 2515 s.
2276 2447 2614 2516 Caesarii.

751 2590 814 2654 S.
848 2589 1132 2655 Caesarii
1180 2590 1521 2655 ecclesiam
1568 2588 2031 2674 cathedralem,
2077 2589 2141 2653 in
2186 2589 2363 2653 cuius
2408 2588 2686 2653 sacrario
2719 2588 3177 2652 Terracinensc
3211 2589 3419 2653 archi-

534 2714 710 2777 vum,
765 2694 978 2778 prouti
1024 2694 1332 2778 diximus,
1390 2693 1771 2778 custoditur,
1830 2694 2186 2757 invenimus
2232 2699 2653 2757 memoratam
2698 2693 2763 2757 in
2807 2692 3003 2756 Libro
3049 2693 3417 2777 pontificali,

533 2795 639 2860 ubi
685 2797 978 2881 legimus,
1024 2799 1313 2862 Leonem
1346 2798 1442 2862 IV
1489 2819 1633 2862 eam
1681 2797 1943 2863 donario
1992 2797 2271 2882 quodam
2318 2797 2558 2862 ditasse
2603 2796 2734 2881 (ed.
2767 2796 3110 2861 Duchesne
3144 2798 3211 2860 Π
3253 2798 3415 2881 122).

745 2971 1213 3036 Canonicorum
1247 2971 1574 3037 archivum
1606 2993 1663 3036 a.
1697 2976 1878 3055 1781,
1913 2970 2312 3036 documentis
2344 2970 2425 3036 ad
2459 2975 2575 3034 120
2609 2977 2923 3055 constans,
2957 2991 3227 3056 quorum
3252 2973 3415 3036 anti-

533 3077 907 3160 quissimum
956 3077 1077 3141 fuit
1121 3078 1610 3141 instrumentum
1657 3098 1715 3140 a.
1757 3080 1910 3141 1061
1963 3083 2085 3139 oct.
2128 3081 2223 3159 17,
2270 3097 2469 3160 penes
2513 3078 2687 3160 ipsos
2731 3077 3070 3140 canonicos
3114 3074 3416 3141 adserva-

529 3177 737 3242 batur.
808 3178 1025 3244 Hodie
1056 3181 1463 3244 coniunctum
1509 3187 1609 3244 est
1647 3201 1789 3244 cum
1823 3179 2081 3243 archivo
2115 3180 2390 3244 civitatis
2433 3181 2497 3242 in
2542 3181 2681 3264 ipso
2714 3180 2993 3243 sacrario
3026 3201 3074 3242 s.
3110 3178 3415 3244 Caesarii.

528 3282 674 3346 Una
717 3282 1076 3346 Alexandri
1107 3282 1211 3346 III
1257 3282 1430 3347 bulla
1462 3281 1552 3368 (n.
1593 3284 1654 3366 1)
1686 3282 2002 3347 indicatur
2033 3285 2095 3346 in
2126 3284 2480 3348 inventario
2512 3283 2627 3347 sub
2658 3305 2828 3347 num.
2861 3283 3052 3359 XIV;
3097 3284 3281 3347 Lucii
3312 3283 3416 3347 III

530 3386 929 3470 privilegium
979 3385 1066 3470 (n.
1102 3387 1171 3472 2)
1215 3388 1344 3451 iam
1391 3409 1448 3451 a.
1489 3391 1651 3453 1781
1706 3387 2211 3452 desiderabatur.
2301 3387 2400 3453 Cf.
2433 3387 2675 3452 Elenco
2723 3386 2892 3451 delle
2939 3385 3195 3450 antiche
3240 3392 3414 3450 carte

529 3490 817 3554 esistenti
869 3490 1017 3554 nell'
1063 3490 1345 3554 archivio
1408 3490 1513 3555 del
1568 3491 1848 3575 capitolo
1905 3489 2079 3554 della
2133 3491 2351 3555 chiesa
2415 3490 2740 3556 catedrale
2800 3490 2867 3553 di
2929 3490 3275 3554 Terracina
3321 3490 3410 3552 in:

529 3592 893 3658 Inventario
954 3593 1101 3658 dell’
1136 3593 1418 3659 archivio
1481 3593 1654 3658 della
1715 3596 1868 3659 citta
1931 3594 1996 3658 di
2042 3594 2390 3658 Terracina
2443 3617 2500 3659 a.
2541 3597 2697 3659 1781
2757 3592 2968 3658 Roma
3023 3591 3218 3656 Arch.
3263 3591 3411 3656 Vat.

528 3697 778 3781 (Iudice
825 3718 884 3761 n.
919 3696 1074 3782 224)
1119 3697 1162 3761 f.
1198 3701 1322 3763 699
1344 3719 1437 3782 sq.

734 3852 790 3905 B
848 3874 913 3897 =
950 3852 1082 3921 Cop.
1121 3851 1424 3907 Terracina
1461 3853 1623 3906 Arch.
1661 3852 1989 3923 capitolare.

531 3961 567 4019 1
2572 3956 2835 4039 Anayni
2882 3958 3051 4020 1178
3093 3955 3210 4034 seb.
3241 3956 3329 4018 22

527 4058 1023 4147 [Alexander
1072 4059 1206 4147 111]
1252 4061 1516 4145 Hugoni
1562 4082 1662 4145 ep.
1711 4068 1777 4126 et
1808 4064 2128 4126 canonicis
2161 4070 2308 4127 etc.:
2358 4060 2618 4126 roborat
2646 4066 2953 4125 statutum
3000 4060 3287 4145 episcopi
3332 4060 3414 4124 de

529 4185 793 4229 numero
848 4167 923 4229 16
955 4166 1407 4229 canonicorum
1454 4166 1675 4249 eisque
1722 4165 2017 4230 concedit
2062 4164 2328 4230 liberam
2378 4165 2665 4249 episcopi
2710 4164 3111 4229 electionem.
3160 4163 3243 4209 —'-
3290 4162 3412 4249 [Ea

528 4264 716 4353 quae]
762 4266 844 4331 ad
890 4267 1170 4333 laudem.
1237 4266 1379 4353 Ego
1425 4267 1800 4333 Alexander
1830 4275 1950 4333 etc.
2022 4267 2277 4333 Subscr.
2310 4273 2349 4332 9
2381 4267 2554 4332 card.
2630 4265 2801 4355 [Dat.
2834 4265 3197 4354 Anagniae]
3229 4289 3291 4352 p.
3324 4289 3407 4331 m.

525 4370 784 4435 Alberti
829 4371 892 4436 S.
934 4370 1013 4435 R.
1048 4371 1124 4435 E.
1173 4371 1387 4456 presb.
1436 4371 1606 4436 card.
1655 4380 1721 4437 et
1765 4394 1971 4456 canc.,
2020 4376 2057 4436 8
2091 4372 2219 4436 kal.
2268 4378 2484 4453 mart.,
2530 4370 2659 4434 ind.
2700 4377 2797 4454 11,
2842 4374 2962 4435 inc.
3021 4370 3081 4434 d.
3129 4393 3185 4435 a.
3227 4375 3408 4454 1177,

525 4482 701 4559 pont.
747 4495 807 4539 v.
856 4475 915 4539 d.
950 4475 1308 4539 Alexandri
1352 4497 1459 4560 pp.
1508 4475 1614 4538 III
1658 4497 1716 4540 a.
1756 4480 1851 4540 19.

729 4588 781 4639 B
823 4601 863 4639 s.
903 4585 1078 4640 xm.
1133 4616 1199 4625 -
1259 4586 1404 4641 Edd.
1454 4585 1736 4640 Comatam·
1776 4604 1834 4655 p.
1869 4593 1968 4642 370
2015 4602 2084 4641 ea:
2136 4587 2190 4640 B
2231 4609 2296 4633 =
2343 4547 2528 4656 Mshne
2565 4585 2659 4641 cc
2692 4595 2814 4641 1161
2848 4603 2902 4641 n.
2932 4591 3074 4642 1337.
3133 4615 3194 4625 -
3253 4586 3406 4654 Royy.

533 4672 739 4743 Uqhelli
777 4675 799 4705 ²
837 4672 872 4725 Ι
904 4680 1049 4726 1292.
1110 4673 1163 4728 J.
1187 4680 1327 4728 8571.
1382 4673 1492 4729 JL.
1532 4679 1712 4728 13028.

520 4797 566 4859 2
2474 4796 2737 4877 Anayni
2780 4797 3010 4878 (1183)
3054 4799 3204 4874 sept.
3235 4797 3325 4857 22

525 4899 820 4963 Lucius
877 4899 981 4963 111
1039 4901 1243 4964 Leoni
1305 4897 1693 4984 archipresb.
1754 4905 1820 4964 et
1875 4899 2182 4984 capitulo:
2251 4921 2559 4984 personas
2626 4920 2846 4964 eorum
2917 4920 3057 4964 cum
3116 4895 3408 4960 omnibus

524 5003 708 5068 bonis
773 5010 907 5068 tam
961 5005 1415 5070 ecclesiasticis
1472 5025 1662 5088 quam
1724 5004 2061 5068 mundanis
2107 5003 2221 5068 sub
2279 5012 2484 5089 apost.
2541 5005 2940 5089 protectione
2995 5001 3274 5085 suscipit.
3324 5037 3407 5046 —

523 5105 946 5172 Sacrosancta
989 5107 1285 5174 Romana
1331 5109 1623 5173 ecclesia.
1714 5107 1865 5172 Dat.
1908 5108 2250 5194 Anagniae
2304 5114 2379 5173 10
2413 5108 2541 5172 kal.
2590 5115 2712 5172 oct.

521 5302 567 5356 J
614 5216 907 5358 9563EdJL
937 5218 1215 5361 (Ztgtgori
1259 5237 1318 5289 p.
1356 5227 1451 5274 365
1495 5221 1581 5286 (ατ
1628 5218 1842 5272 archivo
1889 5219 2139 5288 capituli)
2177 5243 2240 5265 ---
2293 5219 2480 5288 Mn'qnc
2532 5218 2661 5273 CCI
2692 5225 2812 5272 1225
2853 5234 2910 5270 n.
2958 5225 3058 5270 117.
3121 5246 3185 5255 —
3244 5214 3405 5285 Reyy.
