4055 6069
659 380 684 439 1
699 379 779 442 80
1974 368 2215 428 Latium.

653 551 693 611 1
2390 547 2597 613 Roma
2641 548 2709 613 S.
2743 547 2960 614 Pietro
3006 551 3175 612 1196
3217 550 3335 628 seb.
3367 550 3454 613 28

652 653 1110 719 Celestinus
1139 653 1245 717 111
1276 652 1593 737 Gregorio
1626 674 1675 714 s.
1709 650 1976 736 Georgii
2007 650 2092 715 ad
2114 650 2348 716 Velum
2381 673 2645 716 aureum
2679 652 2841 717 diac.
2875 651 3046 717 card.
3080 650 3101 740 [
3108 702 3318 718 .....
3327 651 3347 741 ]
3382 660 3535 718 etc.:

651 778 820 822 mon.
870 755 941 845 [s.
974 757 1311 823 Benedicti
1368 756 1484 821 sub
1528 752 1900 842 Pentoma],
1963 754 2138 840 quod
2192 755 2275 819 ad
2330 756 2428 819 ius
2487 762 2553 820 et
2611 757 3072 842 proprietatem
3117 756 3197 822 R.
3237 756 3312 821 E.
3359 757 3535 821 nullo

651 861 977 927 mediante
1035 863 1341 946 pertinet,
1402 859 1519 924 sub
1575 866 1777 945 apost.
1826 859 2223 943 protectione
2280 860 2541 944 suscipit
2597 866 2663 924 et
2714 861 3048 925 confirmat
3103 862 3538 946 possessiones

652 967 926 1051 propriis
993 986 1332 1050 expressas
1398 963 1743 1029 vocabulis.
1822 999 1903 1009 —-
1978 962 2291 1037 Quotiens
2365 984 2404 1028 a
2469 962 2670 1028 nobis.
2780 963 2922 1049 Ego
2988 964 3348 1029 Celestinus
3414 973 3534 1029 etc.

651 1068 903 1134 Subscr.
943 1073 1020 1134 18
1052 1069 1223 1133 card.
1299 1068 1449 1132 Dat.
1480 1066 1731 1131 Romae
1778 1087 1882 1150 ap.
1915 1088 1964 1129 s.
1998 1066 2265 1131 Petrum
2306 1089 2367 1151 p.
2400 1088 2483 1131 m.
2554 1066 2772 1132 Cencii
2805 1065 2879 1154 [e.
2910 1069 3150 1134 Luciae
3197 1071 3262 1133 in
3293 1069 3537 1135 Orthea

651 1174 812 1239 diac.
862 1170 1082 1259 card.],
1130 1171 1190 1236 d.
1233 1193 1340 1257 pp.
1387 1172 1741 1255 camerarii,
1790 1175 1826 1236 3
1860 1169 1987 1234 kal.
2021 1176 2230 1254 mart.,
2276 1169 2404 1235 ind.
2444 1176 2541 1254 14,
2587 1172 2707 1236 inc.
2752 1171 2812 1236 d.
2848 1193 2904 1237 a.
2946 1177 3128 1257 1195,
3174 1180 3350 1259 pont.
3383 1195 3439 1238 v.
3474 1173 3533 1237 d.

652 1277 961 1343 Celestini
1003 1298 1110 1361 pp.
1159 1273 1289 1363 [ΙΠ
1333 1297 1391 1341 a.
1427 1272 1506 1362 5].

854 1408 921 1461 A.
958 1405 1043 1475 [0
1066 1407 1110 1472 f.
1137 1409 1240 1460 39¹.
1302 1403 1364 1458 F
1398 1404 1441 1469 f.
1469 1405 1610 1474 104J.
1650 1433 1714 1443 —
1752 1403 1859 1458 Ed.
1898 1403 2040 1459 Gott.
2080 1403 2287 1459 Nachr.
2324 1410 2463 1459 1900
2487 1420 2546 1472 p.
2574 1412 2672 1460 194
2715 1421 2771 1460 n.
2799 1412 2878 1459 45.
2925 1434 2993 1444 —
3039 1404 3195 1475 Reyy.
3229 1405 3538 1461 Tema-wetti

640 1511 698 1564 p.
727 1501 823 1548 601
856 1509 922 1548 a
957 1492 1024 1549 F.
1096 1490 1372 1563 Pfluqu.
1408 1491 1521 1544 Iter
1552 1507 1605 1558 p.
1630 1495 1732 1545 333
1766 1506 1822 1546 n.
1847 1498 1962 1546 984.
2036 1491 2149 1547 JL.
2187 1496 2355 1545 17337.

1028 1605 1239 1661 Textus
1274 1602 1553 1674 repetitur
1587 1602 1659 1657 ab
1696 1602 2019 1659 Innocentio
2045 1603 2128 1656 III
2154 1620 2206 1658 a.
2234 1604 2369 1659 1212
2404 1603 2515 1660 ian.
2541 1604 2576 1659 2
2612 1604 2876 1660 Potthast
2912 1604 3051 1675 Reg.
3073 1604 3227 1661 4354.
3256 1636 3319 1645 —-
3345 1605 3534 1661 Mona-

855 1687 1088 1749 sterium
1139 1710 1180 1746 s.
1208 1690 1498 1746 Benedicti
1544 1690 1932 1760 Subpentonia
1978 1689 2094 1744 iam
2147 1690 2206 1745 in
2256 1689 2511 1763 Gregorii
2546 1691 2650 1746 vn
2699 1690 2994 1762 privilegio
3051 1709 3150 1762 pro
3199 1691 3536 1748 monasterio

855 1798 895 1835 s.
924 1778 1087 1834 Pauli
1122 1779 1191 1835 de
1230 1778 1377 1834 Urbe
1414 1777 1469 1844 (J
1474 1779 1531 1833 L.
1567 1778 1729 1843 5200)
1765 1776 1914 1833 inter
1947 1776 2321 1848 possessiones
2357 1777 2522 1833 huius
2558 1777 2825 1834 abbatiae
2860 1782 3246 1834 enumeratum
3280 1779 3535 1850 legimus.

856 1866 964 1921 Sed
1034 1884 1102 1921 ex
1155 1871 1344 1920 nostro
1407 1864 1709 1935 privilegio
1763 1868 1821 1920 et
1884 1882 1951 1918 ex
2005 1863 2318 1921 Innocentii
2365 1865 2450 1919 111
2504 1864 2663 1920 bulla
2716 1864 2856 1921 satis
2913 1865 3225 1921 luculenter
3278 1869 3534 1936 apparet,

853 1951 1108 2024 Gregorii
1132 1952 1239 2008 VII
1277 1950 1638 2024 privilegium
1675 1951 1780 2006 hoc
1816 1950 1941 2007 loco
1977 1949 2383 2021 interpolatum
2420 1969 2554 2007 esse.

1396 2229 1912 2297 monasterinm
1957 2245 2015 2297 s.
2049 2228 2301 2296 Heliae
2347 2227 2782 2297 Fallerense.

863 2385 966 2450 De
1024 2386 1150 2452 hoc
1200 2388 1589 2453 monasterio
1656 2386 1736 2452 cf.
1791 2407 1958 2472 quae
2017 2388 2310 2470 superius
2367 2386 2637 2451 disserui
2695 2385 2814 2450 sub
2863 2387 3073 2470 „Mon
3107 2408 3154 2449 s.
3195 2386 3533 2452 Benedicti

646 2491 712 2554 in
754 2490 947 2555 Valle
994 2490 1494 2576 Subpentonia“.

860 2663 1077 2728 Unum
1122 2664 1478 2730 Alexandri
1523 2664 1630 2728 111
1672 2665 2102 2750 privilegium,
2149 2684 2541 2749 quamquam
2587 2665 2653 2728 in
2696 2664 3021 2729 archivum
3069 2687 3117 2729 s.
3151 2664 3422 2750 Spiritus
3467 2666 3532 2729 in

647 2765 845 2832 Saxia
889 2766 970 2833 de
1015 2766 1195 2833 Urbe
1240 2770 1560 2852 transivit,
1625 2770 1791 2833 inter
1847 2767 2035 2832 huius
2080 2768 2481 2853 autographa
2535 2773 2600 2832 et
2645 2767 2930 2852 chartas,
2996 2790 3159 2853 quae
3215 2767 3407 2833 hodie
3465 2771 3530 2832 in

646 2871 725 2936 R.
782 2871 1040 2936 archivo
1095 2870 1391 2936 Romano
1452 2872 1874 2937 adservantur
1938 2872 2045 2957 (cf.
2103 2870 2279 2937 Gott.
2334 2870 2570 2936 Nachr.
2630 2875 2781 2937 1901
2855 2894 2918 2957 p.
2960 2872 3148 2958 243),
3207 2872 3440 2938 frustra
3492 2895 3533 2938 a

650 2974 835 3040 nobis
882 2976 1245 3062 quaesitum
1292 2982 1418 3062 est,
1478 2983 1546 3043 et
1590 2997 1673 3041 ex
1718 2977 1846 3042 alio
1892 2976 2115 3042 codice
2160 2975 2596 3062 miscellaneo,
2644 2978 2752 3062 qui
2797 2978 2975 3042 varia
3020 2977 3404 3043 documenta
3449 2998 3531 3042 ex

644 3079 903 3145 archivo
951 3103 998 3146 s.
1033 3079 1307 3166 Spiritus
1352 3081 1624 3146 collecta
1668 3083 1970 3165 continet,
2016 3081 2420 3164 sumpsimus.

852 3250 908 3306 B
957 3275 1022 3298 =
1061 3251 1193 3308 Cod.
1218 3252 1347 3308 Vat.
1378 3254 1477 3309 lat.
1504 3254 1656 3317 6196,
1694 3273 1736 3308 s.
1760 3253 1919 3317 XVI;
1959 3255 2030 3309 cf.
2067 3251 2336 3323 Pflung.
2375 3254 2491 3309 Iter
2524 3271 2579 3323 p.
2605 3252 2731 3318 1303
2769 3251 2921 3309 Gott.
2949 3252 3155 3308 Nachr.
3196 3254 3331 3311 1903
3367 3272 3420 3324 p.
3450 3255 3531 3310 15.

859 3339 907 3394 0
955 3363 1020 3386 =
1056 3340 1116 3394 P.
1158 3341 1215 3395 [ι.
1259 3340 1500 3398 Galletti
1551 3340 1738 3398 Storia
1782 3338 2152 3412 genealogica
2195 3339 2454 3395 de'conti
2499 3338 2804 3396 Tuscolani
2842 3340 2948 3395 vol.
2974 3340 3056 3404 11,
3095 3358 3137 3394 s.
3162 3339 3373 3407 XVIII,
3409 3342 3530 3396 cod.

1059 3426 1185 3484 Vat.
1224 3428 1324 3484 lat.
1360 3428 1499 3485 8043
1537 3427 1624 3497 [ex
1660 3428 1761 3498 B];
1800 3427 1866 3483 cf.
1897 3426 2167 3498 Pflung.
2205 3428 2320 3483 Iter
2354 3444 2410 3497 p.
2437 3427 2556 3483 135.

645 3551 686 3611 1
2689 3550 2953 3631 Anayni
2997 3551 3168 3614 1178
3209 3551 3328 3629 seb.
3360 3553 3446 3615 21

644 3651 1102 3719 Alexander
1145 3654 1250 3719 III
1294 3654 1622 3720 Bonifatio
1668 3654 1888 3720 abbati
1934 3662 2091 3721 etc.:
2147 3677 2317 3721 mon.
2365 3677 2413 3719 s.
2445 3654 2682 3720 Heliae
2731 3651 3182 3741 [Fallerense],
3230 3655 3403 3740 quod
3448 3656 3532 3720 ad

643 3757 1145 3823 iurisdictionem
1204 3757 1263 3822 b.
1312 3757 1492 3824 Petri
1547 3758 1916 3843 specialiter
1968 3758 2146 3822 nullo
2207 3758 2532 3824 mediante
2595 3759 2901 3843 pertinet,
2958 3757 3076 3822 sub
3129 3764 3335 3843 apost.
3381 3780 3530 3844 pro-

646 3863 925 3928 tectione
991 3864 1285 3948 suscipit,
1354 3863 1689 3928 confirmat
1758 3864 2052 3947 regulam
2114 3862 2176 3927 b.
2223 3862 2558 3928 Benedicti
2628 3869 2695 3927 et
2759 3863 3194 3947 possessiones
3259 3864 3532 3948 propriis

652 3986 993 4050 expressas
1062 3966 1420 4048 vocabulis,
1503 3965 1799 4032 concedit
1862 3966 2135 4031 liberam
2201 3967 2598 4052 sepulturam
2674 3966 2929 4051 aliaque
2994 3968 3152 4031 iura.
3219 4003 3304 4012 -
3368 3966 3530 4031 Cum

644 4071 1128 4135 monasterium.
1230 4070 1372 4156 Ego
1427 4069 1802 4135 Alexander
1870 4077 1993 4136 etc.
2093 4070 2346 4136 Subscr.
2414 4075 2489 4134 10
2530 4069 2701 4135 card.
2777 4070 2926 4135 Dat.
2996 4070 3247 4156 Anagn.
3316 4092 3378 4154 p.
3442 4090 3528 4133 m.

645 4172 902 4239 Alberti
948 4173 1011 4238 S.
1044 4173 1123 4240 R.
1157 4174 1231 4239 E.
1279 4173 1488 4258 presb.
1545 4174 1718 4240 card.
1776 4181 1842 4239 et
1894 4195 2093 4259 canc.‚
2141 4178 2179 4239 9
2210 4174 2340 4241 kal.
2386 4182 2604 4260 mart„
2651 4174 2780 4239 ind.
2815 4180 2923 4259 11,
2969 4175 3090 4238 inc.
3138 4174 3198 4238 d.
3246 4195 3304 4238 a.
3345 4179 3527 4257 1177,

643 4284 819 4361 pont.
867 4298 926 4342 v·
974 4277 1034 4343 d.
1084 4277 1441 4343 Alexandri
1486 4299 1593 4363 pp.
1639 4277 1744 4342 III
1783 4300 1840 4343 a.
1880 4281 1977 4343 19.

848 4388 904 4444 Β
936 4390 979 4455 f.
1008 4397 1114 4445 113.
1176 4387 1255 4458 [0
1281 4390 1325 4455 f.
1351 4391 1431 4460 4J.
1467 4420 1533 4429 -
1572 4388 1680 4445 Ed.
1723 4389 2010 4445 cervisie&
2044 4390 2107 4444 in
2140 4389 2297 4444 Arch.
2336 4390 2476 4445 della
2509 4390 2619 4446 Soc.
2659 4390 2814 4446 Rom.
2841 4390 2881 4444 Ι
2906 4390 3085 4458 (1878)
3121 4396 3212 4444 164
3236 4405 3292 4443 n.
3317 4395 3350 4442 2
3373 4403 3440 4443 a
3463 4388 3528 4443 R

641 4505 708 4516 -
748 4476 914 4547 Reyy.
958 4476 1264 4531 Tou-assate·
1296 4477 1363 4531 ib.
1400 4476 1452 4530 V
1480 4478 1660 4546 (1882)
1694 4485 1793 4531 616
1826 4484 1937 4532 not.
1965 4484 2012 4532 2.
2077 4477 2351 4548 Plluka.
2390 4478 2504 4532 Iter
2528 4494 2589 4546 p.
2615 4484 2713 4534 283
2745 4495 2802 4534 n.
2825 4486 2939 4532 679.
2998 4475 3108 4531 JL.
3149 4482 3323 4532 13027.

1958 4753 2208 4820 Biano.

1922 4875 2256 4945 (Reianum)

860 5013 962 5078 De
1008 5013 1130 5078 hoc
1174 5015 1318 5079 loco
1366 5015 1446 5079 cf.
1495 5012 1762 5080 Galletti
1807 5015 2072 5100 Capena
2117 5037 2179 5100 p.
2206 5019 2286 5080 40
2316 5037 2448 5100 sq.;
2508 5014 2726 5099 Nibby
2771 5014 3019 5079 Analisi
3066 5014 3093 5054 2
3132 5012 3236 5078 III
3286 5019 3358 5077 11
3395 5035 3524 5098 sq.;

644 5116 1039 5183 Tomassetti
1090 5120 1155 5182 in
1198 5119 1396 5184 Arch.
1443 5117 1617 5184 della
1671 5118 1815 5184 Soc.
1872 5118 2062 5185 Rom.
2105 5119 2237 5185 VII
2282 5119 2505 5206 (1884)
2571 5123 2695 5184 238
2720 5141 2814 5204 sq.
2917 5116 3251 5203 „Castrum
3294 5115 3527 5181 Reiani
