4055 6069
1154 418 1527 493 Episcopatus
1563 420 1896 479 Albanensis
1935 455 1997 464 —
2034 421 2248 480 Civitas
2283 421 2632 479 Albanensis.
3255 429 3329 494 31

449 597 791 664 laudantur
834 598 917 663 ab
963 598 1340 664 Innocentio
1373 600 1478 663 III
1521 601 1586 663 in
1616 600 1954 686 privilegio
2002 621 2060 665 a.
2100 605 2256 666 1201
2295 621 2441 687 aug.
2476 605 2549 665 31
2602 602 2990 666 monasterio
3022 601 3337 687 Oryptae-

452 705 730 770 ferratae
777 724 1104 768 concesso.
1195 702 1325 768 Sed
1371 706 1586 769 omnia
1632 705 1889 769 omnino
1937 704 2400 770 desiderantur.

673 807 855 881 Quae
903 807 1073 871 enim
1129 807 1320 897 hodie
1378 808 1443 871 in
1501 808 1773 873 archivis
1828 816 1963 873 tum
2019 810 2330 894 episcopii
2388 816 2521 873 tum
2589 810 2862 875 civitatis
2915 811 3338 894 reperiuntur,

453 912 696 976 minimi
742 911 934 996 pretii
979 917 1128 976 sunt
1173 910 1281 997 (cf.
1329 911 1694 978 Bethmann
1739 914 1804 975 in
1847 913 2088 976 Archiv
2133 912 2268 976 XII
2312 911 2489 998 480).

460 1088 501 1147 1
2937 1086 3067 1149 592
3108 1091 3221 1150 oct.

455 1187 878 1272 Gregorius
923 1187 957 1251 I
988 1187 1182 1271 clero,
1230 1186 1437 1251 ordini
1470 1193 1535 1252 et
1564 1180 1740 1272 plebi
1773 1189 2142 1253 consistenti
2173 1187 2456 1251 Albano:
2506 1189 2812 1272 enuntiat,
2860 1087 2942 1253 se(
2959 1087 3342 1253 Homingm-

455 1290 691 1356 bonum
738 1291 1141 1357 sacerdotem
1187 1293 1251 1355 in
1298 1292 1671 1377 episcopum
1716 1292 2064 1357 ordinasse.
2113 1330 2196 1339 —
2241 1291 2691 1357 Probabilibus
2738 1293 3090 1357 desideriis,

661 1402 789 1471 Rey.
831 1402 1079 1471 Greyorii
1113 1401 1156 1455 Ι
1180 1402 1267 1457 lib.
1294 1402 1406 1456 111
1429 1418 1505 1471 ep.
1537 1412 1606 1457 11.
1644 1435 1710 1444 -—
1748 1403 1891 1458 Edd.
1930 1403 1985 1459 S.
2030 1403 2275 1473 ἅτεροι-ἥ
2313 1403 2395 1458 M.
2441 1402 2570 1471 Opp.
2609 1403 2689 1459 ed.
2717 1404 2904 1458 Mawr.
2941 1405 3026 1457 lib.
3056 1404 3163 1458 111
3186 1422 3243 1460 n.
3271 1414 3343 1461 11.

461 1489 649 1543 Mansi
697 1489 793 1543 IX
841 1497 966 1543 1120
1008 1506 1063 1542 n.
1099 1497 1171 1543 11.
1273 1488 1454 1559 Troya
1496 1488 1538 1543 Ι
1574 1496 1671 1545 281
1711 1507 1767 1545 π.
1810 1497 1888 1545 97.
1976 1490 2163 1559 Miyne
2210 1487 2524 1543 LXXVII
2562 1496 2655 1544 613
2698 1507 2756 1545 n.
2797 1499 2868 1546 11.
2949 1491 3105 1545 Mon.
3163 1491 3342 1548 Germ.

458 1575 605 1644 Epp.
656 1576 696 1629 I
737 1583 846 1631 170.
900 1605 968 1615 -
1022 1575 1182 1644 Rem.
1218 1575 1274 1630 J.
1309 1584 1425 1632 850.
1487 1577 1607 1633 JE.
1645 1584 1779 1632 1215.

834 1671 1124 1741 Integrum
1160 1674 1377 1727 textum
1416 1673 1651 1742 praebet
1675 1670 1874 1726 Diurni
1907 1672 2149 1727 formula
2174 1671 2252 1726 VI
2290 1671 2396 1739 (ed.
2421 1670 2607 1727 Sickel
2632 1690 2687 1742 p.
2714 1672 2785 1741 5).
2823 1702 2886 1712 —
2925 1657 3343 1743 Episcoporum,

668 1756 765 1827 qui
811 1757 1185 1813 Hominibono
1234 1761 1639 1824 successerunt,
1701 1758 1870 1814 series
1923 1758 2248 1814 lacunarum
2294 1759 2466 1829 plena
2509 1761 2569 1814 et
2616 1756 2780 1813 valde
2827 1757 3042 1814 incerta
3097 1764 3197 1815 est.
3279 1761 3343 1815 In

668 1844 991 1901 memoriam
1045 1846 1235 1900 autem
1278 1862 1625 1910 revocamus,
1681 1862 1733 1899 a.
1765 1845 1870 1900 964
1913 1845 2023 1901 feb.
2075 1843 2135 1899 in
2183 1844 2405 1900 actione
2454 1846 2696 1901 secunda
2745 1845 2972 1900 concilii
3029 1846 3266 1902 Romani
3310 1864 3347 1900 a

664 1932 963 1987 Iohanne
1007 1931 1114 1984 XII
1178 1930 1447 1987 celebrati
1502 1931 1592 2000 (cf.
1636 1931 2008 2002 Episcopatus
2065 1931 2277 1986 Ostien.
2331 1950 2383 1985 n.
2419 1932 2476 1993 3;
2543 1931 2593 1986 J.
2637 1951 2692 2002 p.
2726 1932 2845 1987 323.
2909 1931 3005 1988 Π).
3052 1933 3077 1987 Ι
3127 1951 3182 2004 p.
3218 1935 3344 2001 467)

666 2018 993 2088 Gregorium
1053 2018 1425 2073 Albanensem
1479 2017 1829 2088 episcopum,
1890 2017 1988 2087 qui
2037 2036 2206 2089 super
2258 2019 2496 2074 Leonem
2555 2018 2820 2073 curialem
2884 2021 2944 2073 et
2997 2019 3346 2090 neophytum

664 2104 721 2174 (i.
751 2122 797 2160 e.
838 2105 1075 2161 Leonem
1111 2123 1207 2176 pp.
1233 2105 1390 2174 VIII)
1426 2104 1706 2159 orationes
1744 2105 1989 2169 dederat,
2027 2122 2086 2160 se
2125 2123 2382 2175 peccasse
2421 2106 2730 2161 confessum
2766 2122 2900 2161 esse.

459 2265 506 2328 2
2750 2264 2950 2345 (1111
2992 2262 3111 2342 feb.
3148 2265 3258 2345 13)

462 2368 783 2432 Iohannes
829 2366 1168 2431 Tusculau.
1214 2388 1315 2451 ep.
1372 2367 1545 2430 vices
1601 2387 1800 2452 agens
1854 2366 1913 2431 d.
1972 2367 2389 2431 Paschalis
2434 2367 2502 2431 II
2555 2366 2880 2432 Richardo
2939 2388 3073 2451 ep.:
3130 2374 3346 2432 narrat

463 2493 629 2557 quae
697 2472 869 2536 facta
936 2473 1061 2536 sint
1128 2473 1190 2534 in
1250 2469 1515 2535 basilica
1581 2470 1643 2535 b.
1687 2470 1869 2535 Petri
1929 2473 2096 2535 circa
2152 2457 2592 2556 captivitatem
2648 2471 2997 2556 pontificis,
3064 2493 3346 2557 pugnam

462 2583 721 2661 postero
791 2575 895 2640 die
962 2577 1128 2639 inter
1192 2574 1522 2639 Romanos
1588 2582 1654 2639 et
1715 2574 2003 2640 Heinrici
2049 2574 2111 2639 V
2176 2577 2329 2661 imp.
2391 2576 2626 2641 milites
2677 2584 3028 2662 pugnatam
3083 2582 3204 2641 etc.
3263 2613 3347 2623 --

464 2680 785 2754 Quoniam
828 2685 900 2744 ut
943 2681 1051 2744 ait.

669 2790 811 2844 Edd.
837 2790 1121 2845 Bao-onius
1145 2792 1295 2845 Anu.
1320 2789 1395 2843 ad
1421 2807 1470 2844 a.
1493 2798 1609 2844 1111
1633 2807 1676 2845 c.
1694 2796 1742 2845 3.
1799 2790 1990 2844 Mami
2018 2789 2185 2843 XXI
2195 2796 2274 2845 59.
2327 2788 2517 2859 Miqne
2545 2787 2708 2843 CLX
2733 2796 2869 2847 1037.
2890 2820 2960 2830 -—
2978 2790 3108 2859 Req.
3127 2791 3243 2847 JL.
3262 2820 3347 2846 --.

843 2884 1176 2941 Paschalem
1211 2886 1266 2939 II
1304 2884 1586 2941 Labicano
1632 2902 1718 2954 ep.
1759 2885 1813 2950 (i.
1850 2902 1896 2939 e.
1935 2884 2172 2941 Iohanni
2207 2881 2577 2940 Tusculanen.
2613 2885 2723 2954 ep.)
2760 2884 3122 2941 ecclesiarum
3159 2902 3348 2941 curam

676 2971 1026 3038 commisisse,
1063 2973 1183 3028 eius
1217 2971 1355 3027 Vita
1388 2977 1582 3026 narrat
1617 2970 1758 3040 (Lib.
1784 2970 1985 3042 pontif.
2012 2971 2097 3027 ed.
2126 2970 2414 3026 Duchesne
2440 2970 2491 3023 II
2518 2970 2657 3040 299).
2730 2970 3042 3026 Richardus
3077 2972 3346 3027 Albanen.

670 3077 757 3129 ep.
804 3064 993 3115 autem
1042 3063 1177 3115 tunc
1228 3059 1532 3131 legationis
1573 3077 1799 3116 munere
1843 3059 1901 3115 in
1940 3060 2174 3115 Francia
2220 3059 2575 3130 fungebatur.
2643 3060 2796 3115 Duas
2832 3060 2953 3116 eius
2990 3059 3260 3131 epistolas
3297 3079 3347 3115 v.

673 3164 763 3216 ap.
802 3147 979 3202 Mansi
1017 3147 1148 3201 XXI
1184 3149 1317 3215 Ssq.
1362 3151 1423 3203 et
1467 3146 1612 3202 alias
1649 3146 1787 3201 duas
1823 3145 1881 3200 in
1919 3146 2205 3201 Lamberti
2248 3145 2569 3202 Atrebaten.
2607 3163 2735 3217 epp.
2772 3164 2864 3216 ap.
2923 3147 3114 3218 Migne
3151 3146 3347 3201 CLXII

670 3234 788 3288 679.
827 3234 943 3289 687.

464 3343 509 3403 3
2115 3338 2467 3403 Benevento
2511 3339 2915 3422 (1168-69)
2959 3338 3149 3420 apr-H.
3180 3341 3267 3402 28

468 3443 920 3508 Alexander
973 3443 1077 3507 III
1143 3444 1252 3508 W.
1320 3466 1419 3529 ep.
1477 3443 1830 3529 Albanen.,
1913 3444 2149 3507 vicario
2219 3465 2332 3506 suo
2402 3440 2513 3527 (al.
2586 3442 2933 3507 Bituricen.
3004 3441 3349 3528 archiep.):

469 3548 751 3632 mandat,
798 3553 1111 3633 quatenus
1154 3548 1235 3612 N.
1283 3548 1516 3613 clerico
1563 3547 2026 3633 poenitentiam
2073 3546 2458 3633 condignam
2503 3547 2812 3630 imponat.
2853 3584 2938 3594 —
2981 3546 3084 3611 Ex
3129 3554 3352 3612 tenore

468 3659 739 3716 tuarum.
828 3650 979 3716 Dat.
1026 3653 1384 3718 Beneventi
1429 3658 1468 3716 4
1501 3652 1630 3717 kal.
1675 3653 1849 3716 maii.

674 3763 829 3818 Doer.
875 3763 1123 3833 Greqorii
1159 3763 1257 3817 IX
1299 3763 1385 3819 lib.
1423 3762 1466 3816 I
1506 3769 1543 3818 t.
1579 3772 1635 3817 11
1679 3779 1722 3818 c.
1761 3772 1794 3816 4
1846 3761 2156 3832 (Ιῑῖήεᾱὺονρ
2192 3762 2265 3817 11
2292 3763 2408 3827 118)
2462 3768 2512 3816 ct
2563 3762 2627 3815 in
2679 3762 2804 3816 aliis
2837 3760 3219 3816 collectionibus
3253 3761 3349 3828 (cf.

472 3850 664 3904 Mansi
702 3850 904 3904 XXII
928 3857 1030 3906 428
1064 3866 1108 3905 c.
1137 3857 1186 3906 3.
1213 3859 1246 3905 4
1283 3873 1348 3896 =
1387 3850 1574 3920 Miyne
1611 3848 1703 3904 00
1737 3857 1802 3904 97
1834 3866 1891 3904 n.
1914 3852 2015 3918 25).
2054 3881 2120 3891 -
2156 3850 2317 3920 Reyy.
2355 3848 2408 3903 J.
2449 3857 2581 3905 7162.
2620 3849 2736 3905 JL.
2772 3857 2939 3904 11627.

1529 4124 1793 4194 Civitas
1838 4125 2291 4193 Albanensi&

687 4284 1031 4350 Civitatem
1075 4287 1282 4370 ipsam
1328 4305 1471 4348 cum
1516 4283 1742 4371 burgo,
1778 4283 2064 4367 thermis,
2111 4290 2328 4347 monte
2376 4304 2436 4367 q.
2485 4281 2546 4347 d.
2593 4282 2705 4347 Sol
2752 4290 2818 4348 et
2860 4284 3064 4368 Luna,
3110 4282 3352 4368 palatio

476 4396 544 4454 et
588 4387 878 4453 omnibus
921 4389 1319 4474 appendiciis
1364 4396 1430 4452 et
1475 4409 1617 4452 cum
1667 4389 1838 4452 omni
1884 4389 2021 4452 iure
2067 4388 2134 4451 in
2172 4389 2500 4470 comitatu,
2546 4387 2920 4452 castellania
2966 4393 3032 4452 et
3076 4393 3355 4471 moneta,

475 4491 720 4577 bannis,
765 4491 1039 4576 placitis,
1085 4493 1454 4578 plateaticO,
1500 4513 1753 4577 guerra,
1792 4512 1983 4576 pace,
2029 4491 2235 4575 hoste,
2283 4490 2673 4574 calvalcada,
2701 4491 3090 4578 glandatico,
3125 4489 3354 4555 herba-

477 4598 632 4680 tic0,
697 4597 1018 4681 ruspatico
1066 4603 1186 4662 etc.
1252 4596 1332 4661 ab
1379 4597 1753 4662 Innocentio
1801 4596 1904 4660 III
1961 4595 2319 4660 Albanensi
2384 4597 2688 4679 episcopo
2755 4615 3123 4659 concessam
3193 4615 3355 4677 esse,

479 4721 562 4764 ex
604 4699 875 4764 Honorii
921 4700 1026 4764 111
1069 4700 1406 4786 privilegio
1453 4723 1509 4765 a.
1550 4705 1710 4765 1217
1759 4701 1867 4764 iul.
1902 4704 1982 4764 24
2031 4699 2332 4764 Potthast
2373 4699 2538 4784 Reg.
2574 4702 2739 4765 5583
2787 4704 3054 4764 constat.

688 4873 963 4938 Unicum
994 4873 1398 4959 privilegium
1446 4881 1594 4941 ante
1626 4896 1684 4940 a.
1724 4878 1886 4940 1200
1933 4872 2178 4938 civibus
2200 4871 2675 4938 Albanensibus
2706 4893 3078 4937 concessum
3123 4871 3359 4956 legitur

476 4979 543 5042 in
596 4978 816 5043 tabula
869 4998 1264 5060 marmorea,
1319 5000 1520 5063 quae,
1575 4980 1807 5064 parieti
1861 4978 2115 5061 adfixa,
2169 4979 2446 5061 primum
2497 4978 2564 5040 in
2608 4976 2996 5041 cathedralis
3043 4976 3356 5039 ecclesiae

479 5104 527 5145 s.
560 5083 884 5148 Pancratii
950 5082 1160 5146 fronte
1229 5082 1719 5160 adservabatur;
1788 5081 2021 5147 deinde
2092 5102 2149 5145 a.
2201 5086 2400 5166 1719,
2470 5080 2726 5166 quando
2794 5078 3116 5144 Fabritius
3181 5078 3356 5142 card.

479 5186 780 5251 Paolucci
850 5186 1189 5252 ecclesiam
1256 5187 1462 5271 ipsam
1529 5187 1891 5270 renovavit,
1959 5185 2226 5252 interius
2283 5186 2593 5251 translata
2647 5192 2778 5270 est,
2845 5204 3047 5270 prope
3111 5184 3356 5248 fontem
