4055 6069
1060 396 1208 465 Eccl.
1246 427 1287 465 s.
1323 407 1667 481 Euphemiae
1703 409 1761 464 in
1785 402 1895 465 Via
1929 406 2120 481 Appia
2159 440 2219 451 -
2259 409 2446 466 Castel
2483 407 2776 468 Gandolfo.
3271 409 3352 479 33

475 606 524 648 s.
556 583 810 650 Nicolai
855 587 919 649 in
966 606 1222 650 carcere
1270 585 1564 650 Tulliano
1611 584 1833 650 charta
1892 584 2022 670 (ed.
2073 587 2366 671 Torrigio
2411 586 2506 651 Le
2553 606 2734 652 sacre
2780 592 2993 672 grotte
3038 587 3352 652 Vaticane

477 689 523 730 ²·
552 688 578 727 ³
608 712 672 774 p.
707 689 878 773 321).
946 688 1048 754 De
1080 691 1215 753 eius
1246 690 1370 754 situ
1401 689 1479 754 cf.
1513 690 1901 753 Tomassetti
1933 691 1997 753 in
2027 689 2224 754 Arch.
2259 690 2430 755 della
2462 690 2604 754 Soc.
2637 690 2824 755 Rom.
2856 691 2927 754 Π
2957 689 3184 776 (1879)
3214 694 3351 755 148.

688 810 885 894 Apud
913 809 1221 874 Albinum
1253 816 1320 874 et
1363 811 1428 873 in
1457 810 1676 875 Cencii
1720 811 1916 875 Libro
1950 831 2255 875 censuum
2287 810 2352 875 S.
2382 810 2461 876 R.
2496 810 2571 876 E.
2605 810 2733 895 (ed.
2765 811 3353 877 Fabre-Duchesne

474 913 511 977 I
561 918 664 991 103
712 913 780 977 II
832 913 981 999 109)
1025 914 1116 978 ita
1158 919 1446 978 notatur:

1097 1034 1478 1120 „Hospitale
1525 1035 1604 1101 de
1653 1035 1931 1101 Cantaro
1978 1058 2172 1101 unam
2217 1035 2446 1102 libram
2492 1037 2742 1102 cerae“.

604 1268 615 1273 ,
678 1224 732 1276 Α
787 1248 850 1269 =
888 1223 1039 1294 Orig.
1076 1222 1164 1278 SS.
1192 1222 1415 1279 Triuita
1451 1224 1508 1278 di
1544 1224 1697 1279 Cava
1731 1224 1895 1280 Arch.
1932 1225 2242 1281 abbaziale.

473 1344 552 1406 *1
2901 1350 3238 1410 1143—44

475 1447 576 1511 Ex
620 1456 969 1535 praecepto
1032 1448 1415 1515 Celestini
1461 1450 1528 1514 II
1582 1451 1903 1516 Iohannes
1958 1450 2225 1516 Crassus
2282 1452 2590 1516 construit
2640 1349 3029 1535 hospitglem
3086 1349 3354 1515 domum

475 1552 538 1616 in
583 1554 688 1616 via
731 1552 988 1637 publica
1032 1561 1180 1619 ante
1226 1554 1572 1619 Cantarum
1617 1556 1799 1619 iuxta
1843 1556 2171 1619 civitatem
2203 1554 2640 1620 Albanensem
2686 1557 2751 1619 in
2791 1555 3027 1620 allodio
3059 1555 3120 1620 b.
3153 1554 3352 1619 Petri.

678 1681 858 1737 Laud.
892 1683 956 1736 in
988 1699 1043 1736 n.
1070 1691 1118 1737 4.
1161 1712 1218 1722 -
1261 1682 1389 1752 Ray.
1427 1681 1703 1753 Pfluqu.
1742 1683 1855 1737 Iter
1882 1700 1941 1752 p.
1968 1690 2066 1739 234
2100 1700 2155 1737 n.
2181 1689 2300 1738 385.
2360 1682 2466 1737 JL.
2504 1715 2587 1738 —.

473 1819 556 1881 *2
2865 1823 3269 1907 (1144—45)

473 1925 764 1988 Lucius
807 1923 878 1988 Π
924 1924 1219 1990 concedit
1261 1925 1668 2011 privilegium
1713 1928 2149 2010 protectionis.

677 2050 860 2108 Laud.
895 2052 959 2106 in
992 2069 1048 2109 n.
1074 2061 1123 2108 4.
1159 2083 1226 2093 —
1265 2052 1394 2123 Req.
1432 2052 1701 2123 Pauqu.
1740 2054 1850 2108 Rev·
1876 2071 1935 2123 p.
1962 2060 2062 2109 237
2092 2072 2147 2109 n.
2173 2063 2294 2109 406.
2353 2054 2466 2111 JL.
2504 2087 2587 2110 -.

471 2190 552 2253 *3
2865 2193 3269 2275 (1145—53)

472 2294 874 2381 Eugenius
918 2295 1023 2359 ΠΙ
1065 2301 1141 2360 ut
1181 2316 1382 2377 supra
1424 2318 1490 2365 n.
1520 2300 1582 2363 2.

676 2422 861 2477 Laud.
897 2424 960 2477 in
994 2441 1050 2479 n.
1076 2432 1124 2479 4.
1163 2456 1229 2465 —-
1268 2423 1401 2493 Req.
1439 2424 1706 2495 Pfluka.
1746 2426 1864 2479 Iter
1890 2442 1949 2494 p.
1980 2431 2079 2481 245
2111 2443 2166 2479 π.
2194 2432 2307 2480 458.
2367 2425 2481 2482 JL.
2522 2455 2604 2478 -.

469 2599 512 2658 4
2426 2599 2746 2663 Laterano
2791 2597 2960 2661 1154
3001 2604 3153 2678 sept.
3189 2599 3270 2660 15

470 2701 950 2766 Anastasius
995 2702 1092 2767 IV
1137 2702 1406 2767 Iohanni
1455 2702 1685 2768 Crasso
1730 2704 1927 2788 priori
1960 2703 2299 2788 hospitalis
2344 2703 2425 2767 de
2457 2702 2760 2786 Cantaro‚
2805 2701 3074 2766 Iohanni
3121 2701 3353 2787 presb.,

472 2803 661 2868 Adae
707 2812 774 2871 et
815 2805 1087 2871 Nicolao
1135 2807 1379 2871 clericis
1424 2807 1710 2873 eiusdem
1756 2807 2093 2893 hospitalis
2141 2814 2290 2872 etc.:
2340 2806 2422 2871 ad
2468 2806 2803 2890 exemplar
2830 2805 3013 2869 Lucii
3045 2805 3113 2868 Π
3156 2811 3250 2887 (n.
3281 2807 3354 2889 2)

475 2914 541 2971 et
596 2906 873 2995 Eugenii
918 2910 1022 2974 III
1078 2916 1171 2993 (n.
1204 2914 1277 2980 3)
1331 2910 1590 2976 domum
1642 2912 2061 2996 hospitalem,
2129 2932 2168 2975 a
2221 2911 2508 2976 Iohanne
2566 2909 2796 2975 Crasso
2860 2931 2944 2974 ex
3008 2917 3355 2995 praecepto

473 3009 781 3077 Celestini
826 3014 895 3077 II
939 3016 1031 3092 (n.
1068 3018 1137 3092 1)
1183 3021 1641 3100 constructam,
1701 3014 1782 3080 ab
1843 3017 2015 3081 omni
2062 3016 2432 3102 gravamine
2479 3034 2592 3079 seu
2637 3014 2972 3079 exactione
3020 3012 3357 3079 cuiuslibet

474 3136 786 3199 personae
833 3117 1123 3202 liberam,
1170 3119 1285 3184 sub
1331 3118 1391 3182 b.
1424 3119 1624 3196 Petri,
1671 3120 1848 3184 cuius
1892 3121 2046 3183 iuris
2077 3127 2195 3201 est,
2241 3120 2640 3203 protectione
2672 3119 2954 3202 suscipit,
3000 3117 3116 3181 sub
3163 3139 3357 3183 censu

475 3240 683 3284 annuo
728 3222 913 3284 unius
958 3243 1145 3287 cerae
1191 3222 1637 3308 persolvendo.
1688 3259 1766 3270 —
1816 3222 1993 3288 Sicut
2036 3224 2409 3308 religiosum
2442 3227 2557 3286 est.
2633 3220 2775 3305 Ego
2807 3223 3186 3286 Anastasius
3233 3228 3353 3285 etc.

475 3321 726 3387 Subscr.
776 3328 814 3388 6
848 3325 1019 3389 card.
1089 3325 1238 3390 Dat.
1271 3327 1414 3390 Lat.
1449 3349 1510 3411 p.
1543 3347 1626 3391 m.
1672 3325 1953 3391 Rolandi
2000 3325 2066 3390 S.
2097 3325 2175 3390 R.
2210 3325 2285 3389 E.
2317 3324 2529 3410 presb.
2565 3324 2735 3388 card.
2770 3330 2836 3389 et
2866 3344 3063 3407 canc.,
3115 3327 3190 3386 17
3223 3322 3355 3387 kal.

476 3434 619 3511 oct.,
665 3427 793 3492 ind.
829 3432 888 3513 3,
933 3430 1053 3493 inc.
1103 3428 1163 3494 d.
1211 3453 1268 3495 a.
1323 3435 1505 3514 1154,
1552 3436 1728 3515 pont.
1775 3452 1833 3495 v,
1883 3430 1942 3494 d.
1990 3431 2320 3494 Anastasii
2365 3429 2506 3493 1111
2550 3451 2657 3514 pp.
2705 3449 2765 3493 a.
2799 3432 2858 3492 2.

677 3557 746 3610 A.
787 3585 851 3595 —
889 3555 993 3611 Ed.
1030 3557 1295 3627 Plbuka.
1333 3559 1472 3612 Acta
1508 3556 1609 3610 111
1640 3565 1733 3613 157
1765 3574 1820 3612 n.
1848 3565 1947 3611 147
1976 3573 2042 3611 ea:
2078 3558 2148 3613 A.
2196 3589 2262 3598 —
2301 3556 2462 3627 Royy.
2500 3554 2769 3624 Pfluka.
2807 3555 2921 3609 Iter
2948 3571 3003 3622 p.
3029 3562 3131 3609 252
3163 3571 3219 3610 n.
3244 3563 3354 3609 501.

471 3641 577 3697 JL.
618 3648 770 3697 9926.

1581 3884 1817 3954 Castel
1861 3884 2242 3954 Gandolfo.

687 4041 962 4107 Unicum
1008 4040 1479 4126 documentum,
1527 4043 1700 4128 quod
1745 4045 2052 4129 sequitur,
2099 4065 2183 4108 ex
2229 4040 2465 4109 Cencio
2511 4040 2913 4125 sumpsimus.

473 4213 510 4251 ’ἓ
3066 4253 3147 4262 .-

473 4217 762 4401 A111gelus
823 4315 903 4380 de
958 4315 1274 4381 Candolfo
1336 4324 1403 4382 et
1463 4319 1734 4384 Cencius
1789 4320 1871 4384 de
1926 4318 2242 4385 Candolfo
2298 4319 2697 4403 proclamant
2750 4214 3348 4383 oonssffilgxtqgn-

473 4419 681 4483 drum
713 4418 817 4482 III
850 4425 916 4484 et
946 4419 1013 4483 S.
1043 4420 1120 4485 R.
1155 4419 1229 4485 E.
1262 4442 1379 4506 pro
1411 4421 1661 4486 damnis
1691 4424 1810 4488 sibi
1844 4423 2039 4487 illatis
2067 4425 2133 4486 in
2162 4443 2396 4508 guerra
2423 4424 2591 4487 inter
2619 4421 2979 4485 Romanam
3013 4420 3349 4486 ecclesiam

473 4530 540 4588 et
565 4524 931 4588 Romanum
963 4524 1291 4608 populum,
1324 4526 1688 4610 specialiter
1732 4528 1813 4593 de
1847 4527 2126 4613 quodam
2157 4533 2365 4591 castro
2399 4525 2722 4591 destructo
2769 4533 2836 4589 et
2881 4524 2962 4589 de
3014 4529 3176 4590 1000
3209 4524 3347 4588 libr.

476 4628 771 4712 Proven.‚
839 4649 955 4712 pro
1023 4632 1619 4713 recompensatione
1686 4632 1903 4696 damni
1972 4640 2039 4696 et
2106 4631 2186 4696 de
2256 4632 2411 4695 turri
2479 4629 2561 4694 de
2621 4629 2939 4694 Gentiano
2986 4627 3351 4710 (Genzano)

473 4732 682 4796 diruta
726 4739 848 4797 etc.

673 4852 859 4906 Laud.
896 4853 959 4906 in
990 4852 1138 4908 Petri
1174 4860 1221 4908 et
1248 4854 1480 4925 Nycolai
1508 4855 1757 4923 Candulfi
1780 4856 2137 4910 instrumento
2159 4856 2512 4922 refutationis
2533 4873 2584 4909 a.
2614 4860 2736 4908 1217
2766 4853 2880 4907 ian.
2908 4861 2942 4906 4
2977 4870 3067 4921 ap.
3102 4851 3349 4905 C'endum

472 4938 588 4993 Lib.
625 4954 757 4994 cens.
795 4939 849 4996 S.
884 4940 952 4994 R.
992 4941 1061 4995 E.
1098 4958 1142 4997 c.
1168 4948 1233 4995 22
1267 4941 1402 5011 (edd.
1440 4943 1597 4998 Batti
1629 4944 1814 4997 Stcm‘a
1848 4943 1908 4996 di
1960 4943 2214 4998 Germano
2241 4959 2299 5011 p.
2325 4950 2390 4997 99
2424 4960 2479 4996 n.
2512 4948 2559 4997 3.
2615 4939 3115 4995 Fame-Damone
3151 4939 3194 4992 I
3217 4940 3348 5006 255).

471 5056 536 5066 —
684 5067 697 5080 .
733 5025 851 5082 JL.
885 5055 973 5080 —.

573 5025 683 5096 Ray
846 5121 917 5176 cf.
953 5120 1322 5192 Gregorovius
1358 5122 1553 5178 Gesch.
1580 5122 1678 5178 der
1704 5123 1870 5179 Stadt
1896 5123 2035 5178 Rom
2063 5125 2085 5157 ⁴
2111 5123 2160 5177 V
2196 5124 2299 5179 216
2333 5127 2445 5178 not.
2476 5125 2534 5188 1;
2571 5121 2762 5191 Nibby
2800 5119 3019 5177 Analisi
3053 5122 3072 5153 ²
3096 5121 3121 5173 Ι
3147 5120 3248 5174 425
3265 5137 3345 5188 sq.

570 5275 734 5330 nour,
772 5274 905 5320 nau·
929 5276 1157 5331 pontiflci:
1183 5280 1242 5320 11.
3005 5258 3040 5312 3
