4055 6069
728 410 818 491 θ82
2054 399 2294 457 Latium.

950 577 1389 644 Monticellum
1451 575 1758 660 oppidum
1803 575 1977 640 haud
2023 576 2290 640 multum
2352 596 2392 639 a
2443 575 2778 639 Tiburtina
2823 576 3080 640 civitate
3127 574 3339 640 distat.
3438 575 3618 641 Inter

737 683 1029 748 dominos
1074 680 1261 745 huius
1307 678 1528 764 oppidi
1573 679 1929 743 invenimus
1983 677 2380 764 temporibus
2425 677 2736 762 Stephani
2779 676 2875 741 IX
2931 677 3372 744 Crescentium
3417 677 3614 763 (Ann.

736 785 1014 850 Romani
1062 782 1162 850 ed.
1210 783 1557 848 Duchesne
1602 781 1743 847 Lib.
1791 782 2015 867 pontif.
2063 782 2131 845 Π
2179 782 2352 868 334).
2441 781 2589 846 Huc
2633 781 2870 867 refugit
2923 782 3251 868 Eugenius
3297 782 3402 847 ΠΙ
3454 781 3526 868 (1.
3561 804 3614 847 c.

738 889 806 953 H
855 889 1028 975 386).
1136 887 1317 952 Saec.
1362 887 1490 952 XV
1533 887 2048 952 Monticellorum
2094 893 2369 951 castrum
2426 887 2547 950 fuit
2590 885 2853 950 feudum
2900 887 3184 953 familiae
3233 886 3314 952 de
3360 886 3617 953 Rovere

739 991 848 1077 (cf.
882 993 1276 1057 Monterenzi
1307 991 1672 1056 Cameralia
1702 991 1826 1055 vol.
1859 990 1926 1054 H
1968 991 2180 1056 Roma
2221 990 2583 1055 Arch.Vat.
2616 992 2796 1054 Arm.
2829 990 3123 1055 XXXVI
3154 998 3198 1055 t.
3233 995 3270 1057 8
3304 990 3345 1056 f.
3386 997 3506 1057 156
3523 1013 3617 1077 sq.

739 1103 806 1161 et
857 1094 1186 1161 Contelori
1230 1095 1593 1160 Cameralia
1637 1095 1761 1159 vol.
1794 1094 1861 1158 H
1905 1093 1989 1159 ib.
2038 1095 2215 1160 Arm.
2250 1093 2575 1159 XXXVH
2620 1101 2663 1158 t.
2698 1096 2735 1158 8
2782 1095 2824 1158 f.
2861 1099 2973 1158 451
3009 1094 3153 1181 sq.).

1292 1350 1802 1422 nonasterium
1851 1368 1910 1419 s.
1940 1351 2296 1419 vlncentii
2340 1351 2595 1418 subtus
2645 1351 3076 1419 monticello.

957 1495 1137 1560 Nihil
1182 1496 1415 1559 scimus
1472 1494 1552 1560 de
1598 1494 1864 1558 historia
1907 1493 2279 1557 monasterii
2336 1513 2546 1577 neque
2608 1491 2689 1556 de
2737 1492 2872 1556 eius
2918 1492 3210 1570 archiv03
3272 1494 3619 1579 quinimmo

744 1600 825 1665 de
871 1599 1012 1665 loco
1061 1600 1221 1683 ipso,
1266 1597 1373 1662 ubi
1420 1598 1612 1663 fuerit
1657 1603 1941 1662 erectum
1988 1573 2085 1681 (in
2129 1597 2448 1661 territorio
2496 1594 2828 1659 Tiburtino
2875 1597 2938 1659 in
2982 1597 3086 1660 via
3131 1595 3498 1680 Flagense).

742 1757 821 1819 *1
3339 1789 3418 1801 ..-

741 1859 1156 1947 [Iohannes
1200 1856 1392 1944 XIX]
1440 1860 1710 1923 instituit
1753 1880 1871 1943 per
1915 1859 2336 1942 apostolicam
2367 1859 2889 1943 praeceptionem
2935 1753 3617 1923 Azzoifgg2ibbiaem.

954 1969 1132 2026 Laud.
1177 1971 1240 2024 in
1276 1970 1505 2025 Azzom's
1551 1970 1758 2024 abbatis
1792 1970 1962 2024 labello
2007 1988 2061 2026 α.
2089 1976 2221 2025 1030
2254 1968 2394 2035 (aad.
2441 1968 2644 2040 Uqheui
2683 1974 2700 2005 ¹
2739 1969 2791 2022 V
2819 1977 2969 2038 15423
3015 1973 3037 2002 ²
3071 1968 3113 2022 Ι
3143 1974 3307 2035 1308,·
3364 1968 3626 2024 Gasimiw

746 2062 760 2091 ¹
795 2074 851 2125 p.
882 2066 975 2113 169
988 2079 1005 2127 ;
1045 2064 1142 2127 ²1⁰·
1167 2066 1291 2125 241;
1327 2058 1541 2113 Bmzza
1580 2059 1703 2129 Ray.
1741 2058 1800 2112 di
1846 2057 2010 2111 Tivoli
2036 2071 2092 2123 p.
2118 2063 2185 2110 67
2212 2074 2270 2111 π.
2297 2059 2400 2126 12).
2442 2087 2501 2097 -
2545 2056 2674 2126 Req.
2711 2057 2818 2112 JL.
2856 2087 2939 2110 —.

1489 2291 1808 2359 Ecclesia
1852 2307 1917 2357 s:
1957 2289 2272 2358 'rhomae
2319 2288 2404 2355 de
2450 2287 2884 2356 MontIcello.

958 2434 1230 2498 Unicam
1292 2432 1372 2497 de
1417 2431 1539 2496 hac
1597 2431 1869 2496 ecclesia
1914 2431 2207 2495 notitiam
2253 2431 2608 2494 invenimus
2664 2430 2729 2492 in
2786 2427 3005 2493 Cencii
3066 2427 3261 2493 Libro
3320 2448 3626 2492 censuum

745 2536 808 2601 S.
842 2535 919 2601 R.
955 2536 1029 2601 E.
1079 2535 1206 2621 (ed.
1253 2536 1843 2601 Fabre-Duchesne
1889 2533 1924 2599 Ι
1974 2534 2111 2620 11);

1132 2640 1460 2726 „Ecclesia
1506 2641 1708 2704 sancti
1755 2639 2045 2704 Thomae
2094 2637 2174 2703 de
2220 2638 2590 2703 Monticello
2637 2638 2672 2701 I
2714 2636 2943 2702 libram
2990 2636 3241 2703 cerae“.

747 2745 930 2811 Idem
961 2745 1236 2810 Oeneius
1283 2752 1499 2810 tamen
1544 2744 1816 2809 eandem
1864 2763 2119 2829 quoque
2151 2744 2438 2807 nominat
2481 2743 2753 2827 positam
2802 2742 2865 2804 in
2911 2742 3286 2826 episcopatu
3316 2739 3627 2805 Fundano

747 2848 816 2935 (1.
844 2870 896 2914 c.
929 2850 964 2913 I
993 2850 1124 2935 44).
1192 2849 1572 2934 Ignoramus
1603 2849 1800 2913 etiam
1835 2849 1942 2932 qui
1973 2847 2265 2932 pontifex
2292 2846 2456 2912 hanc
2488 2845 2827 2911 ecclesiam
2858 2847 2924 2910 in
2953 2867 3134 2911 suam
3164 2846 3625 2930 protectionem

750 2955 1086 3040 receperit.

2005 3104 2378 3172 vicovaro.

1617 3235 1825 3304 (Varia.
1874 3233 2046 3289 Vicus
2081 3233 2331 3289 Varriae.
2379 3232 2764 3303 Vicovarium)

1441 3357 1954 3426 nonasterium
2003 3372 2100 3422 ss.
2133 3354 2427 3424 cosmae
2472 3355 2548 3422 et
2591 3353 2942 3422 DamIani.

964 3490 1160 3555 Haud
1205 3488 1438 3553 uberes
1491 3489 1750 3552 notitias
1794 3486 2106 3551 habemus
2163 3485 2244 3550 de
2308 3485 2432 3549 hoo
2486 3485 2907 3566 monasterie,
2967 3485 3119 3549 olim
3174 3484 3629 3550 monachorum

755 3596 890 3661 ord.
962 3618 1009 3659 s.
1065 3593 1433 3675 Benedicti,
1504 3598 1731 3678 postea
1771 3593 2055 3656 Patrum
2121 3589 2612 3654 reformatorum
2673 3589 2865 3674 vulgo
2933 3588 3059 3653 Del
3130 3588 3374 3671 Ritiro,
3438 3587 3630 3651 hodie

755 3699 819 3764 S.
853 3698 1179 3765 Cosimato
1227 3696 1337 3780 (cf.
1384 3696 1596 3761 Lubin
1639 3718 1702 3780 p.
1737 3696 1909 3782 423).
2002 3693 2130 3759 Sed
2178 3694 2305 3758 iam
2353 3714 2519 3758 anno
2566 3695 2818 3758 circiter
2863 3696 2987 3757 512
3035 3693 3376 3775 exstitisse,
3424 3712 3459 3756 e
3504 3693 3633 3756 vita

752 3827 800 3867 s.
847 3800 1185 3868 Benedicti
1245 3801 1565 3886 colligitur
1619 3797 1728 3884 (cf.
1788 3797 2101 3864 Mabillon
2153 3798 2320 3862 Ann.
2384 3796 2517 3862 ord.
2581 3820 2627 3861 s.
2671 3795 3007 3862 Benedicti
3059 3797 3082 3835 ²
3123 3796 3157 3859 I
3214 3800 3320 3872 10;
3384 3795 3411 3835 ²
3452 3795 3487 3858 Ι
3543 3794 3630 3879 9).

753 3907 936 3972 Sacc.
984 3905 1048 3969 X
1112 3904 1563 3990 appellabatur
1618 3905 1748 3967 iam
1804 3904 2262 3967 monasterium
2327 3911 2407 3966 ss.
2451 3898 2724 3965 Cosmae
2781 3906 2847 3966 et
2902 3899 3204 3965 Damiani
3260 3921 3320 3984 q.
3376 3921 3522 3984 pon.
3569 3900 3634 3962 in

754 4010 895 4074 loco
945 4032 1005 4094 q.
1054 4009 1114 4073 d.
1164 4009 1372 4085 Cave3
1436 4007 1607 4093 quod
1664 4005 1924 4092 quidem
1969 4028 2206 4071 nomen
2253 4006 2441 4072 facile
2488 4027 2572 4070 ex
2618 4025 2696 4069 eo
2744 4004 3153 4088 intelligitur,
3211 4003 3380 4089 quod
3429 4002 3633 4068 cellae

754 4136 803 4178 s.
836 4112 1171 4178 Benedicti
1233 4115 1497 4197 eiusque
1559 4112 1825 4176 fratrum
1886 4110 2125 4176 ibidem
2171 4110 2440 4175 fuissent
2497 4130 2578 4173 ex
2637 4130 2794 4194 rupe
2850 4116 3231 4191 excavatae,
3289 4109 3381 4171 uti
3442 4108 3631 4171 etiam

755 4223 1028 4301 apparet
1074 4238 1156 4282 ex
1200 4218 1470 4301 pictoria
1514 4214 1733 4280 tabula
1778 4235 1977 4299 penes
2022 4215 2437 4280 Montfaucon
2481 4214 2772 4279 Diarium
2821 4212 2952 4277 ital.
3000 4234 3063 4297 p.
3098 4215 3242 4277 340.
3334 4211 3514 4276 Saec.
3536 4209 3635 4274 XI

743 4319 1052 4405 Grregorii
1083 4320 1216 4384 VII
1273 4319 1678 4405 privilegium
1737 4340 1852 4403 pro
1916 4320 2305 4384 monasterio
2360 4340 2408 4382 s.
2454 4318 2645 4382 Pauli
2699 4315 2780 4382 de
2826 4316 3002 4381 Urbe
3059 4316 3435 4380 memoriam
3483 4313 3638 4394 facit

755 4425 1124 4488 monasterii
1185 4424 1388 4488 sancti
1456 4421 1742 4487 Cosmati
1808 4422 1872 4486 in
1932 4422 2100 4487 valle
2175 4421 2539 4504 Tibertina,
2611 4420 2784 4507 quod
2842 4419 3016 4485 haud
3074 4418 3265 4484 dubie
3332 4418 3504 4483 idem
3563 4440 3637 4482 ac

757 4537 1042 4593 nostrum
1100 4533 1199 4593 est
1253 4526 1395 4612 (sed
1462 4528 1525 4590 in
1586 4526 1847 4611 reliquis
1899 4526 2252 4611 privilegiis
2310 4549 2357 4591 s.
2404 4526 2590 4591 Pauli
2646 4526 2907 4589 minime
2968 4522 3333 4607 reperitur).
3446 4521 3636 4587 Certe

757 4633 1116 4718 insequenti
1172 4632 1429 4697 saeculo
1484 4631 1940 4695 monachorum
1999 4653 2048 4695 s.
2089 4630 2276 4695 Pauli
2327 4631 2408 4695 de
2452 4629 2631 4695 Urbe
2675 4631 2743 4693 in
2795 4630 3198 4715 possessione
3245 4634 3403 4708 erat,
3448 4633 3640 4711 prout

757 4742 1008 4801 constat
1050 4758 1133 4803 ex
1176 4734 1397 4801 libello
1446 4735 1712 4820 querulo
1759 4735 2034 4799 Azzonis
2078 4734 2329 4800 abbatis
2375 4743 2597 4799 contra
2641 4734 3010 4799 Tiburtinos
3056 4734 3139 4816 (v.
3186 4732 3416 4814 Roma,
3462 4729 3635 4794 Eccl.

756 4863 806 4904 s.
835 4841 1023 4905 Pauli
1057 4846 1241 4906 extra
1271 4861 1487 4905 muros
1517 4863 1578 4904 n.
1605 4841 1738 4925 20),
1771 4842 1836 4905 in
1868 4863 1991 4926 quo
2024 4842 2389 4906 nominatur
2419 4841 2735 4926 „ecclesia
2766 4862 2813 4902 s.
2841 4837 3116 4903 Cosmae
3149 4836 3231 4900 de
3255 4833 3637 4901 Vicovaro“.

757 4943 889 5010 Sed
957 4953 1185 5030 postea
1228 4945 1590 5010 libertatem
1651 4944 1715 5010 S.
1758 4945 1837 5009 R.
1887 4944 1962 5009 E.
2021 4947 2617 5030 protectionemque
2673 4943 3095 5028 apostolicam
3152 4942 3400 5025 recepit
3462 4940 3642 5003 iuxta

759 5048 976 5114 Oencii
1010 5047 1274 5114 Librum
1321 5069 1622 5115 censuum
1657 5047 1720 5112 S.
1753 5047 1833 5113 R.
1865 5047 1941 5112 Ε.
1987 5047 2121 5134 (ed.
2152 5048 2364 5114 Fabre
2382 5047 2754 5114 -Duchesne
2800 5047 2834 5110 I
2885 5046 3013 5133 11),
3063 5044 3174 5109 ubi
3217 5044 3309 5108 ita
3353 5049 3638 5108 notatur:

1168 5153 1499 5237 „Ecclesia
1544 5153 1746 5216 sancti
1792 5151 2070 5217 cosmae
2118 5152 2199 5217 de
2246 5154 2587 5219 Vicovario
2634 5151 2702 5215 Π
2749 5150 2943 5214 libras
2990 5149 3241 5214 cerae“.
