4055 6069
653 451 690 512 2
705 453 779 513 14
1976 443 2214 502 Latium.

1156 686 1671 755 nonasterium
1717 704 1775 754 s.
1804 686 2100 755 Martini
2144 689 2218 753 in
2265 687 2503 756 Monte
2550 687 3011 757 viterbiensi.

1688 807 1827 876 (San
1865 807 2112 864 Mam-tino
2148 808 2206 863 al
2244 807 2489 877 cimino)

858 929 1122 986 Memorie
1170 929 1321 985 della
1365 928 1537 985 badia
1573 927 1631 983 di
1668 927 1720 983 S.
1747 926 1993 983 Mai-tino
2039 928 2107 982 de
2144 927 2324 983 Menti
2376 928 2588 983 situato
2623 945 2813 998 presso
2849 928 3105 997 viterbo,
3145 949 3243 985 ms.
3292 950 3332 986 s.
3357 932 3536 998 xvn,

654 1017 771 1072 cod.
801 1017 931 1072 Vat.
968 1017 1134 1072 Barb.
1168 1017 1308 1072 3234
1354 1016 1473 1085 (XL
1496 1016 1587 1085 31)
1623 1015 1659 1068 f.
1684 1016 1787 1069 248
1807 1033 1888 1083 sq.
1928 1044 1991 1055 —
2032 1014 2318 1085 Ughelli
2360 1018 2376 1048 ¹
2404 1014 2508 1068 VII
2549 1014 2683 1071 1380
2702 1033 2782 1084 sq.
2820 1015 2900 1069 IX
2938 1017 3039 1072 936
3057 1034 3163 1086 sq.;
3204 1018 3534 1089 ¹1140413q⁸

652 1136 715 1144 —
768 1104 989 1159 Lubin
1034 1123 1091 1175 p.
1116 1104 1236 1158 228.
1290 1133 1357 1141 —
1414 1101 1558 1157 Bull.
1605 1102 1720 1156 baa.
1752 1101 1879 1156 Vat.
1918 1101 1942 1154 1
1978 1101 2048 1156 88
2092 1104 2293 1164 not.o;
2342 1102 2412 1157 90
2446 1105 2560 1157 not.
2585 1102 2637 1156 d.
2695 1133 2762 1143 —
2816 1103 3075 1159 Moroni
3113 1103 3430 1161 Dizionario
3466 1106 3535 1161 CI

650 1192 752 1247 219
771 1210 852 1260 sq.
889 1220 954 1231 --
993 1191 1053 1246 P.
1080 1189 1293 1263 Egidi
1330 1187 1633 1244 L'abbazia
1668 1187 1726 1243 di
1762 1188 1814 1243 S.
1840 1187 2084 1242 Martino
2119 1187 2205 1241 sul
2241 1188 2432 1244 Monte
2467 1187 2682 1243 Cimino
2720 1190 2953 1244 secondo
2991 1190 3312 1248 documenti
3337 1192 3535 1249 inediti

651 1278 735 1332 in:
773 1277 997 1334 Rivista
1031 1279 1238 1336 storica
1274 1274 1647 1333 Benedettina
1683 1276 1707 1329 I
1745 1275 1923 1344 (1906)
1961 1276 2062 1330 579
2080 1292 2162 1344 sq.

867 1419 1326 1483 Monasterium
1382 1416 1534 1480 olim
1581 1414 2042 1480 monachorum
2087 1414 2221 1479 ord.
2271 1436 2319 1477 s.
2356 1413 2719 1496 Benedicti,
2781 1416 2956 1479 cuius
3010 1418 3285 1500 primum
3340 1418 3535 1482 docu-

651 1531 937 1589 mentum
986 1521 1381 1606 temporibus
1424 1519 1761 1584 Benedicti
1807 1518 1907 1583 IX
1962 1518 2325 1583 confectum
2388 1525 2486 1582 est
2550 1519 2744 1602 (Bull.
2779 1519 2926 1583 Vat.
2974 1519 3014 1582 l.
3063 1518 3168 1604 c.),
3221 1542 3535 1605 „pauper-

653 1628 864 1692 culum
911 1626 992 1691 ab
1038 1626 1282 1709 initio“‚
1329 1625 1656 1709 Eugenius
1686 1623 1792 1687 III
1837 1625 2089 1687 circiter
2134 1644 2192 1687 a.
2233 1628 2395 1687 1150
2442 1622 2648 1687 ordini
2695 1622 3104 1687 cisterciensi
3150 1623 3257 1708 (cf.
3292 1625 3534 1689 Janau-

652 1730 849 1795 schek
898 1730 1075 1814 Orig.
1110 1730 1373 1794 Cisterc.
1407 1750 1469 1812 p.
1510 1731 1626 1791 124
1674 1749 1735 1790 n.
1770 1729 1923 1811 317)
1970 1725 2238 1791 addixit.
2329 1725 2433 1789 Ab
2479 1726 2854 1790 Innocentio
2901 1726 3004 1789 III
3051 1734 3423 1792 renovatum
3470 1737 3537 1794 et

652 1838 1091 1897 consecratum
1124 1838 1241 1915 est,
1273 1836 1343 1894 ut
1374 1828 1565 1893 docet
1592 1829 1919 1912 inscriptio
1944 1826 2076 1912 (ap.
2094 1827 2355 1913 Ughelli
2391 1829 2413 1868 ²
2435 1829 2468 1892 I
2494 1829 2530 1866 ²²
2565 1832 2717 1904 311;
2755 1829 2782 1869 ²
2806 1829 2839 1892 I
2870 1831 3080 1917 1408).
3159 1831 3340 1897 Saec.
3367 1833 3535 1896 XIII

650 1938 816 2001 inter
860 1935 1377 2001 cisterciensium
1424 1933 1814 1998 monasteria
1859 1938 2104 1996 tantam
2152 1931 2393 1996 famam
2441 1932 2740 2015 obtinuit,
2804 1941 2874 1998 ut
2934 1933 3015 1998 ab
3061 1937 3215 2019 ipsis
3249 1935 3533 2002 Iohanne

653 2048 720 2105 et
761 2039 1070 2104 Heinrico
1104 2037 1209 2102 III
1265 2036 1523 2122 regibus
1569 2037 1846 2122 Angliae
1900 2035 2261 2101 donationis
2307 2036 2857 2102 confirmationem
2901 2039 3236 2122 reciperet.
3326 2041 3534 2105 Privi-

651 2145 889 2227 legium
923 2163 1176 2227 quoque
1209 2140 1433 2206 habuit
1475 2139 1559 2205 ab
1593 2140 1831 2205 Ottone
1862 2139 1962 2205 IV
2006 2142 2159 2223 imp.
2191 2139 2325 2203 BF.
2359 2142 2502 2203 305.
2549 2140 2773 2205 BFW.
2812 2146 3018 2207 14630
3049 2141 3181 2227 (6(1.
3216 2143 3534 2209 Scheffer-

650 2247 992 2312 Boichorst
1036 2248 1102 2309 in
1144 2244 1224 2308 N.
1256 2243 1498 2308 Archiv
1541 2244 1672 2308 XX
1720 2247 1843 2308 202
1876 2266 1935 2307 n.
1971 2243 2061 2329 6).
2130 2244 2370 2308 Postea
2415 2264 2567 2308 vero
2614 2247 3075 2310 monasterium
3121 2246 3242 2311 hoc
3289 2247 3536 2313 clericis

653 2350 1103 2434 saecularibus,
1150 2348 1231 2413 ab
1262 2347 1553 2433 Eugenio
1585 2348 1684 2413 IV
1727 2369 1786 2411 a.
1825 2353 1986 2412 1445
2035 2346 2364 2411 monachis
2407 2346 2781 2433 Olivetanis,
2828 2348 3061 2414 deinde
3109 2351 3538 2417 cardinalibus

654 2453 1213 2520 commendatariis
1246 2473 1638 2536 concessum,
1688 2474 1743 2516 a.
1786 2455 1948 2517 1564
1981 2449 2242 2516 iubente
2275 2451 2395 2515 Pio
2430 2451 2529 2516 IV
2570 2473 2832 2517 mensae
2864 2453 3201 2538 capitulari
3233 2454 3536 2523 basilicae

652 2559 1008 2624 Vaticanae
1040 2558 1100 2622 b.
1133 2556 1313 2622 Petri
1344 2562 1656 2641 perpetuo
1703 2558 1949 2620 unitum
1983 2561 2098 2619 est.
2171 2555 2468 2620 Castrum
2515 2562 2582 2620 et
2611 2554 2871 2621 abbatia
2907 2579 2954 2621 s.
2987 2556 3246 2621 Martini
3277 2580 3334 2622 a.
3373 2563 3536 2625 1645

652 2663 733 2729 ab
796 2662 1099 2747 Olympia
1168 2661 1280 2725 illa
1332 2661 1663 2724 notissima
1723 2681 1805 2725 ex
1870 2665 2066 2745 gente
2125 2657 2452 2743 Pamphili
2511 2661 2824 2744 acquisita
2886 2668 3059 2743 sunt,
3126 2663 3537 2745 permittente

651 2768 1024 2832 Innocentio
1078 2766 1175 2850 X,
1236 2767 1343 2851 qui
1389 2771 1666 2829 castrum
1722 2766 1786 2827 in
1844 2763 2107 2828 feudum
2152 2763 2505 2847 principale
2553 2771 2620 2828 et
2664 2771 2860 2848 caput
2904 2752 3296 2850 principatus
3341 2772 3535 2852 atque

652 2870 977 2937 abbatiam
1038 2868 1330 2953 „Nullius
1374 2867 1725 2934 dioecesis“
1788 2869 1854 2931 in
1909 2868 2321 2952 collegiatam
2377 2866 2493 2931 sub
2553 2876 2900 2953 patronatu
2957 2869 3537 2936 excellentissimae

652 2977 862 3062 gentis
906 2973 1392 3060 Pamphilorum
1439 2974 1664 3038 erexit.

867 3131 1077 3196 Huius
1107 3130 1477 3194 monasterii
1510 3129 1895 3195 documenta
1926 3129 2312 3193 transierunt
2343 3148 2509 3193 saec.
2541 3128 2705 3194 XVI
2733 3129 3010 3194 Romam
3056 3132 3120 3195 in
3153 3131 3539 3198 tabularium

654 3236 1103 3302 canonicorum
1146 3255 1193 3298 s.
1228 3232 1409 3298 Petri
1454 3235 1519 3297 in
1551 3232 1890 3316 Vaticano,
1939 3252 2021 3295 ex
2068 3252 2194 3316 quo
2228 3231 2569 3296 ediderunt
2613 3240 2908 3298 auctores
2940 3234 3210 3298 Bullarii
3240 3233 3539 3300 Vaticani

654 3340 763 3426 (cf.
798 3339 1026 3423 Roma,
1058 3337 1231 3402 Eccl.
1265 3359 1313 3401 s.
1339 3336 1520 3402 Petri
1549 3339 1616 3401 in
1647 3333 2013 3420 Vaticano).
2062 3334 2192 3400 Sed
2222 3335 2561 3420 privilegia
2592 3335 2867 3423 Eugenii
2896 3338 3020 3422 HI,
3055 3337 3407 3403 Alexandri
3432 3339 3540 3403 III

655 3451 720 3510 et
763 3445 947 3509 Lucii
975 3442 1080 3506 III
1123 3440 1212 3527 (n.
1252 3440 1444 3527 1—3)
1489 3441 1750 3505 minime
1796 3439 1880 3504 ad
1923 3461 2042 3504 nos
2085 3447 2533 3523 pervenerunt.

866 3597 913 3653 Ο
965 3620 1029 3643 =
1066 3595 1447 3651 Inventarium
1480 3593 1748 3650 librorum
1791 3610 1857 3649 ac
1895 3592 2270 3663 diplomatum
2308 3592 2632 3650 monasterii
2669 3614 2711 3650 s.
2740 3594 2971 3650 Martini
3007 3593 3065 3649 in
3103 3597 3290 3654 Monte
3326 3615 3377 3653 a.
3407 3599 3540 3653 1305

1063 3683 1458 3738 concinnatum
1479 3722 1491 3746 ‚
1541 3700 1584 3737 s.
1610 3680 1757 3747 XIV,
1809 3679 1985 3735 Roma
2035 3679 2199 3735 Arch.
2246 3679 2557 3750 capitolare
2601 3680 2658 3735 di
2704 3679 2757 3735 S.
2783 3680 2969 3737 Pietro
3024 3682 3083 3737 in
3119 3683 3397 3740 Vaticano
3408 3705 3421 3749 3
3470 3686 3541 3740 cf.

1065 3769 1213 3825 Bull.
1238 3769 1366 3825 Vat.
1405 3769 1429 3822 I
1466 3769 1529 3823 91
1569 3770 1681 3823 not.
1710 3766 1748 3822 b
1787 3771 1846 3822 et
1885 3764 2053 3838 Egidi
2088 3766 2122 3820 1.
2152 3784 2197 3821 c.
2235 3785 2288 3837 p.
2312 3767 2417 3822 586
2434 3784 2515 3836 sq.

660 3844 738 3907 *1
3224 3841 3453 3924 (1145)

656 3949 1049 4033 Eugenius
1094 3945 1200 4009 III
1246 3943 1541 4008 concedit
1568 3939 1974 4027 privilegium
2001 3941 2418 4026 protectionis
2464 3947 2530 4006 et
2562 3941 3057 4007 confirmationis
3089 3942 3421 4009 bonorum.
3455 3987 3538 3997 —

657 4051 828 4137 [Dat.
878 4050 1077 4135 pont.]
1125 4069 1182 4113 a.
1222 4052 1276 4111 1.

866 4163 911 4232 ᾳ
936 4161 975 4227 f-
998 4166 1063 4215 23
1101 4159 1227 4244 1309.
1281 4157 1463 4212 Laud.
1496 4173 1706 4226 quoque
1742 4157 1805 4209 in
1838 4156 1997 4210 bunis
2034 4136 2345 4211 In'nocmtii
2382 4156 2492 4210 III
2515 4163 2724 4212 a.1208
2757 4157 2856 4223 fa».
2884 4167 2912 4211 1
2947 4156 3192 4212 Ροαιιωι
3228 4158 3359 4228 1209.
3393 4165 3540 4214 299⁷.

655 4254 787 4306 ,3291
820 4248 1027 4317 (insert.
1065 4246 1238 4299 bullae
1270 4244 1489 4299 Nicolai
1514 4244 1609 4299 IV
1632 4261 1685 4298 a.
1711 4249 1838 4298 1289
1870 4249 2000 4312 sept.
2024 4249 2060 4297 3
2093 4241 2169 4298 od.
2197 4242 2459 4312 Lanqloie
2494 4242 2598 4297 1.oe
2630 4243 2873 4313 reyistres
2903 4243 2970 4298 de
3004 4244 3226 4298 Nicolae
3249 4244 3338 4299 IV
3362 4260 3420 4312 p.
3446 4252 3544 4299 272

656 4353 711 4391 n.
738 4338 890 4405 1349)
926 4339 977 4388 et
1021 4331 1267 4404 Greyodi
1301 4330 1405 4385 IX
1434 4348 1487 4386 a.
1517 4336 1642 4386 1237
1674 4347 1797 4400 auy.
1824 4336 1887 4385 25
1921 4329 2165 4384 Potthast
2201 4328 2326 4398 Rey.
2365 4333 2548 4383 10436.
2587 4359 2654 4367 —
2692 4328 2822 4399 Req.
2859 4329 2965 4384 JL.
3004 4360 3088 4384 —.

658 4475 741 4543 *2
3049 4469 3453 4553 (1159-81)

662 4578 1107 4647 Alexander
1148 4577 1255 4641 III
1300 4576 1594 4640 concedit
1636 4574 2045 4660 privilegium
2091 4574 2609 4638 confirmationis.

867 4684 2218 4758 07223Rey.ctaupran.1.—R39.JL.-.
3087 4715 3092 4720 -

657 4779 740 4843 *3
3051 4778 3454 4859 (1182—83)

660 4884 943 4949 Lucius
987 4880 1092 4945 III
1137 4878 1431 4946 concedit
1473 4878 1880 4965 privilegium
1925 4878 2425 4943 confirmationis
2471 4885 2538 4943 et
2581 4878 2846 4963 inhibet,
2892 4887 2963 4945 ut
3007 4863 3544 4965 infra-'parochias

661 4986 1074 5052 ecclesiarum
1138 4985 1509 5050 monasterii
1562 4983 1770 5048 nullus
1828 5003 2061 5047 novam
2119 4983 2456 5048 ecclesiam
2512 4983 2617 5048 vel
2676 4985 3036 5069 cappellam
3097 4985 3180 5050 ad
3239 4983 3540 5049 damnum

660 5098 949 5156 veterum
996 5090 1408 5155 ecclesiarum
1456 5093 1820 5153 construere
1866 5087 1968 5152 vel
2015 5086 2356 5152 aedificare
2401 5097 2787 5172 praesumat.
2823 5127 2905 5138 —
2951 5089 3123 5176 [Dat.
3156 5087 3354 5175 pont.]
3388 5111 3446 5153 a.
3480 5093 3541 5153 2.

872 5199 1077 5266 Ofi23
1113 5199 1241 5270 Ray.
1276 5205 1326 5255 et
1358 5216 1527 5269 supra
1560 5206 1685 5292 n.1.
1725 5228 1790 5240 —
1831 5197 1966 5268 Rey.
2003 5198 2108 5253 JL.
2146 5228 2229 5252 —.
