4055 6069
1028 509 1402 581 Episcopatus
1439 507 1707 565 Civitatis
1743 507 2098 565 castellanae
2143 539 2198 548 -
2239 507 2456 566 Civitas
2493 509 2831 567 Castellana.
3223 517 3370 579 ‚185

703 687 906 752 Porro
953 686 1228 772 legimus
1274 685 1445 770 apud
1493 684 1796 749 Albinum
1846 685 1955 749 lib.
1986 686 2053 750 X
2099 691 2267 749 c.*74
2315 684 2931 770 (Fabre-Duchesne
2978 686 3047 750 ΙΙ
3101 687 3278 772 110);

790 791 903 875 „In
948 794 1326 876 episcopatu
1370 790 1777 855 Castellanae
1824 789 2117 854 Civitatis

957 896 1059 959 Ex
1112 897 1253 980 ipsa
1314 896 1570 959 civitate
1629 915 1794 980 quae
1851 895 2201 979 antiquitus
2261 892 2612 957 vocabatur
2670 894 2964 959 Castrum
3019 894 3375 961 Felicitatis

872 999 1064 1064 XXV
1109 999 1349 1063 solidos
1395 998 1863 1063 affortiatorum
1910 995 2363 1085 [Lucensium].

964 1104 1257 1169 Ecclesia
1301 1104 1503 1167 sancti
1551 1101 1902 1167 Salvatoris
1946 1101 2083 1166 XII
2129 1101 2486 1166 affortiatos
2534 1096 2966 1189 [Lucenses]“,

491 1211 591 1274 eui
639 1209 912 1275 Oeneius
958 1207 1575 1294 (Fabre-Duchesne
1619 1206 1654 1269 I
1701 1207 1811 1291 53)
1859 1205 2134 1271 addidit:

963 1313 1292 1396 „Ecclesia
1358 1312 1560 1376 sancti
1624 1311 1863 1396 Angeli
1918 1310 2329 1396 Vespriniani
2391 1310 2457 1373 in
2515 1319 2724 1377 castro
2785 1311 3094 1397 Stephani
3160 1313 3375 1378 Azarii

874 1417 1104 1482 libram
1150 1418 1183 1481 I
1228 1438 1434 1482 cerae.

960 1521 1354 1586 Valeranum
1400 1528 1677 1587 castrum
1723 1521 1852 1585 XX
1898 1521 2202 1585 solidos“.

701 1624 830 1690 Sed
876 1624 1018 1689 luce
1051 1626 1282 1689 clarius
1314 1631 1430 1709 est,
1462 1625 1771 1689 Albinum
1817 1633 1882 1689 et
1913 1625 2221 1690 Cencium
2268 1627 2332 1690 in
2364 1645 2645 1690 errorem
2678 1625 2994 1709 incidisse,
3030 1625 3375 1690 Civitatem

487 1729 921 1795 Castellanam
955 1727 1419 1793 confundentes
1465 1750 1608 1793 cum
1641 1729 1917 1794 Civitate
1965 1729 2232 1794 Castelli
2278 1732 2342 1793 in
2373 1729 2650 1811 Etruria,
2700 1750 2865 1814 quae
2898 1729 3052 1793 olim
3084 1729 3374 1814 appella—

486 1832 674 1896 batur
718 1832 1011 1897 Castrum
1059 1831 1414 1897 Felicitatis
1457 1833 1665 1911 (Cina
1707 1833 1778 1897 di
1813 1832 2129 1915 Castello).
2198 1833 2469 1898 Cuinam
2514 1853 2667 1897 vero
2708 1833 2993 1918 pontifici
3038 1834 3376 1918 privilegia

488 1937 654 2001 circa
711 1936 1047 2001 ecclesiam
1102 1959 1150 1999 s.
1196 1936 1434 2021 Angeli
1478 1936 1887 2020 Vespriniani
1941 1944 2008 2002 et
2052 1938 2219 2001 circa
2265 1937 2659 2002 Valeranum
2707 1942 2986 2000 castrum
3034 1936 3376 2001 referenda

487 2042 630 2123 sint,
676 2042 741 2104 in
788 2039 982 2103 dubio
1030 2046 1337 2104 versatur.

688 2213 918 2297 Neque
952 2212 1277 2277 archivum
1304 2212 1725 2278 cancellariae
1752 2214 2155 2297 episcopalis,
2183 2234 2391 2298 neque
2424 2213 2750 2277 archivum
2776 2215 3039 2298 capituli
3064 2214 3375 2279 ecelesiae

487 2315 873 2381 cathedralis
918 2338 966 2381 s.
998 2316 1273 2400 Mariae,
1331 2336 1539 2401 neque
1588 2316 1915 2381 archivum
1962 2319 2236 2383 civitatis
2282 2317 2668 2383 documenta
2714 2319 2979 2402 antiqua
3024 2317 3375 2403 possident,

488 2441 652 2505 quac
711 2421 925 2484 omnia
979 2419 1312 2485 combusta
1365 2441 1507 2485 esse
1567 2421 1922 2485 traduntur.
2011 2421 2142 2487 Sed
2200 2443 2368 2487 saec.
2416 2420 2649 2497 XVIII
2696 2421 2995 2485 exstabat
3041 2422 3376 2486 etiamtum

487 2527 868 2610 rescriptum
914 2525 1224 2611 originale
1272 2522 1624 2591 Clementis
1668 2525 1794 2610 III,
1841 2525 2015 2611 quod
2061 2527 2335 2612 legimus
2381 2527 2550 2611 typis
2595 2527 2977 2610 impressum
3020 2527 3085 2589 in

697 2696 744 2752 G
798 2720 862 2743 --
899 2694 1269 2751 Summarium
1306 2712 1355 2750 a.
1385 2696 1518 2751 1759
1553 2695 1661 2751 feb.
1693 2698 1718 2752 1
1765 2714 1913 2751 num.
1941 2696 2097 2752 XIV:
2144 2696 2457 2754 Restrictus
2504 2697 2646 2753 facti
2696 2700 2756 2753 et
2791 2696 2927 2752 iuris
2963 2697 3053 2765 (de
3091 2696 3193 2753 lite
3230 2695 3378 2752 inter

898 2782 1211 2853 capitulum
1248 2780 1515 2838 Civitatis
1551 2780 1907 2840 Castellanae
1944 2786 2004 2840 et
2041 2782 2355 2854 capitulum
2392 2784 2641 2852 Hortae).

487 2926 526 2985 1
2443 2924 2766 2989 Laterano
2811 2924 2979 2987 1189
3021 2928 3173 3007 sept.
3210 2926 3293 2986 13

486 3029 842 3095 Clemens
884 3027 988 3092 111
1039 3027 1334 3093 Romano
1381 3026 1770 3113 archipresb.
1831 3027 2124 3094 Civitatis
2168 3028 2606 3095 Castellanae:
2673 3050 2820 3094 eum
2877 3049 3021 3094 cum
3080 3027 3377 3093 omnibus

486 3134 668 3198 bonis
700 3140 833 3198 tam
866 3133 1314 3198 ecclesiasticis
1347 3154 1540 3217 quam
1572 3131 1909 3197 mundanis
1939 3133 2055 3198 sub
2088 3140 2294 3219 apost.
2320 3135 2720 3219 protectione
2753 3135 3035 3218 suscipit,
3067 3139 3375 3218 statuens,

487 3244 586 3319 ut,
647 3238 699 3301 si
747 3239 812 3300 in
858 3237 1074 3322 aliquo
1120 3258 1189 3302 se
1230 3250 1571 3322 gravatum
1617 3239 2037 3323 persenserit,
2092 3238 2296 3303 libere
2342 3240 2402 3303 ei
2449 3238 2642 3302 liceat
2686 3237 2908 3302 sedem
2953 3239 3376 3322 apostolicam

488 3341 839 3426 appellare.
889 3377 967 3388 —
1017 3341 1439 3408 Sacrosancta
1479 3341 1777 3407 Romana
1822 3341 2116 3407 ecclesia.
2190 3342 2340 3407 Dat.
2386 3343 2531 3407 Lat.
2577 3342 2663 3406 id.
2711 3348 2872 3427 sept.
2907 3347 3084 3427 pont.
3126 3364 3186 3406 n.
3221 3363 3278 3406 a.
3314 3345 3374 3406 2.

698 3451 755 3507 G.
792 3480 859 3491 -
896 3451 1005 3507 Εα.
1050 3451 1189 3507 aaa.
1228 3452 1429 3509 Naar.
1467 3459 1611 3508 1907.
1648 3483 1717 3493 —
1753 3452 1878 3523 329.
1913 3451 2021 3507 Π..
2060 3483 2144 3507 -.

1567 3727 1836 3797 Civitas
1882 3728 2307 3797 Castellana.

702 3884 892 3949 Hunc
955 3885 1203 3969 „locum
1266 3892 1495 3951 natura
1554 3887 1707 3951 satis
1761 3886 2112 3951 munitum“
2161 3886 2495 3952 Paschalis
2541 3888 2637 3969 Π,
2683 3893 2936 3951 mortuo
2983 3886 3072 3950 ibi
3117 3908 3175 3950 a.
3217 3890 3378 3950 1100

489 3989 786 4053 Wiberto
854 3991 1188 4074 antipapa,
1265 3990 1598 4055 Romanae
1667 3989 1979 4055 ecclesiae
2049 3990 2274 4054 ditioni
2339 3990 2547 4055 denuo
2604 3991 2877 4056 subiecit
2932 3989 3102 4076 (Lib.
3150 3990 3377 4074 pontif.

491 4093 592 4157 ed.
638 4092 983 4157 Duehesne
1028 4092 1098 4156 H
1153 4092 1329 4179 298).
1442 4093 1869 4179 Temporibus
1929 4093 2249 4159 Hadriani
2293 4094 2390 4158 IV
2459 4101 2525 4158 et
2592 4094 2902 4159 Celestini
2946 4092 3051 4158 III
3117 4101 3380 4177 gentem

489 4198 670 4262 Petri
714 4196 1028 4282 praefecti
1074 4196 1155 4262 de
1201 4197 1379 4263 Urbe
1428 4200 1492 4262 in
1519 4199 1924 4283 possessione
1972 4199 2247 4263 civitatis
2289 4199 2664 4282 invenimus,
2711 4205 2784 4262 ut
2826 4204 3009 4283 patet
3053 4220 3136 4263 ex
3181 4196 3378 4262 docu-

489 4301 752 4383 mentis,
800 4320 966 4385 quae
1012 4310 1365 4386 sequuntur
1418 4301 1528 4387 (cf.
1574 4302 1817 4383 Roma,
1872 4301 2049 4367 Gens
2106 4301 2287 4367 Petri
2344 4302 2708 4388 praefecti).
2812 4302 2888 4365 In
2945 4301 3065 4366 hac
3119 4302 3378 4366 civitate

493 4404 653 4469 obiit
696 4403 1076 4470 Alexander
1118 4406 1224 4469 111
1269 4427 1327 4470 a.
1367 4410 1525 4471 1181
1577 4426 1723 4490 aug.
1759 4410 1859 4470 30.

709 4508 1115 4575 Documenta
1168 4512 1338 4575 circa
1385 4510 1728 4576 Civitatem
1775 4510 2211 4576 Castellanam
2267 4512 2531 4597 eiusque
2589 4512 2963 4575 comitatum
3018 4530 3103 4574 ex
3160 4509 3378 4574 Ceneii

489 4613 686 4679 Libro
741 4635 1046 4680 censuum
1100 4613 1164 4680 S.
1211 4614 1291 4679 R.
1330 4614 1406 4679 Ε.
1463 4615 1864 4699 sumpsimus.
1954 4614 2171 4679 Unum
2229 4637 2381 4681 vero
2445 4621 2658 4681 exstat
2702 4614 2953 4680 Romae
3012 4615 3074 4678 in
3122 4612 3378 4678 archivo

493 4720 684 4783 castri
729 4741 778 4782 s.
811 4719 1069 4805 Angeli.

700 4889 749 4942 A
804 4912 869 4936 =
907 4888 1057 4960 Orig.
1095 4888 1273 4944 Roma
1308 4888 1471 4944 Areh.
1498 4888 1626 4944 Vat.
1663 4889 1812 4944 Arm.
1838 4889 1972 4945 XIII
2009 4890 2107 4945 c.I
2143 4908 2198 4946 n.
2227 4890 2275 4944 7.

495 5050 533 5109 1
1327 5046 1574 5112 Viterbo
1599 5084 1682 5094 —
1706 5046 1984 5112 Vetralla
2016 5084 2083 5094 —
2116 5047 2283 5128 Nepi
2328 5047 2501 5110 1158
2545 5046 2658 5111 iul.
2696 5047 3295 5110 17-18-19—22

493 5147 775 5237 [Petrus]
824 5151 1217 5235 praefectus,
1273 5150 1596 5215 Iohannes
1649 5151 2002 5234 Praefecti,
2052 5152 2462 5235 Octavianus,
2507 5151 2799 5235 germani
2842 5149 3101 5231 fratres,
3147 5150 3379 5214 Petrus

491 5254 820 5338 Iohannis,
886 5254 1209 5320 Iohannes
1269 5254 1679 5339 Uguicionis,
1742 5254 1975 5320 Petrus
2042 5254 2123 5321 de
2180 5255 2434 5338 Atteia,
2502 5255 2824 5320 Iohannes
2878 5253 3249 5338 Caparrone
3315 5260 3380 5319 et
