4055 6069
1182 476 1555 548 Episcopatus
1591 479 1938 535 Tusculanus
1973 510 2040 520 —
2077 479 2291 536 Civitas
2328 481 2661 537 Tusculana.
3275 488 3358 551 39

479 655 637 720 bant
667 654 775 740 (cf.
806 654 1038 736 Roma,
1085 652 1370 718 Comites
1402 653 1482 719 de
1514 653 1924 741 Tusculano).
1994 656 2075 719 A.
2115 659 2275 720 1170
2310 655 2587 742 denique
2617 658 2846 742 Raino‚
2894 663 3042 721 timc
3068 658 3360 723 dominus

481 759 854 841 Tusculani,
898 756 1273 822 Alexandro
1319 756 1426 821 III
1476 759 1864 823 renuntiavit
1918 759 2242 824 civitatem
2290 759 2718 826 Tusculanam
2763 783 2906 826 cum
2952 783 3099 828 arce
3147 760 3234 845 (n.
3269 762 3358 848 4),

478 864 649 929 unde
694 862 1073 949 gravissima
1115 863 1282 926 inter
1325 862 1695 946 pontificem
1741 868 1808 927 et
1835 862 2166 927 Romanos
2211 865 2534 929 contentio
2582 872 2722 930 orta
2766 871 2884 949 est,
2931 867 3031 930 oui
3077 865 3359 950 tandem,

479 973 627 1052 post
667 967 878 1030 varias
921 986 1170 1051 pugnas
1215 971 1282 1029 et
1312 971 1591 1051 treugae,
1637 986 1694 1031 a.
1739 970 1918 1050 1191,
1964 988 2127 1051 pace
2171 968 2338 1032 inter
2384 966 2778 1033 Celestinum
2806 969 2912 1034 III
2957 976 3024 1035 et
3067 978 3359 1037 senatum

477 1071 915 1156 populumque
959 1069 1323 1134 Romanum
1369 1067 1457 1154 (n.
1493 1068 1561 1155 9)
1605 1071 1782 1155 inita,
1830 1072 2078 1136 eversio
2127 1072 2400 1137 civitatis
2431 1072 2832 1138 Tusculanae
2878 1073 3358 1158 incolarumque

480 1176 800 1242 excidium
846 1173 1039 1238 finem
1083 1173 1405 1257 imposuit.

694 1381 1044 1447 Archivum
1090 1380 1365 1446 civitatis
1409 1380 1631 1466 procul
1677 1380 1871 1446 dubio
1917 1403 1976 1447 a.
2014 1387 2171 1447 1191
2224 1385 2289 1447 in
2348 1384 2679 1450 eversione
2740 1384 3081 1451 Tusculani
3147 1387 3356 1470 periit.

478 1488 908 1570 Documenta,
977 1506 1142 1571 quae
1210 1490 1586 1569 sequuntur,
1653 1484 1783 1549 iam
1842 1486 2076 1572 collegi
2135 1489 2200 1551 in
2255 1488 2289 1552 Ι
2347 1488 2669 1553 volumine
2730 1489 2847 1554 sub
2897 1488 3222 1572 „Comites
3278 1489 3358 1554 de

480 1589 879 1655 Tusculano“
961 1588 1051 1674 (p.
1100 1587 1281 1674 186),
1356 1587 1571 1672 „Gens
1637 1589 2041 1674 Fraiapana“
2102 1594 2189 1675 (p.
2239 1591 2385 1677 191)
2453 1598 2520 1657 et
2588 1591 2902 1677 „Senatus
2954 1594 3359 1678 populusque

478 1694 850 1759 Romanus“
901 1691 991 1779 (p.
1030 1692 1199 1778 178).
1315 1679 1319 1683 ’

479 1868 517 1930 1
2356 1864 2772 1931 Piombinara
2816 1867 2986 1929 1151
3030 1866 3157 1931 dec.
3192 1869 3274 1928 10

479 1970 624 2035 Odo
684 1969 763 2035 de
811 1969 1200 2054 Columpna,
1269 1967 1709 2034 consentiente
1762 1968 1961 2033 fratre
2022 1990 2138 2034 suo
2203 1969 2608 2055 Carsidonio‚
2677 1969 2972 2035 concedit
3026 1970 3357 2035 Bemardo

477 2074 648 2139 card.
697 2096 745 2137 s.
779 2073 1151 2157 Clementis,
1196 2072 1500 2137 mandato
1547 2071 1887 2157 Eugenii
1931 2072 2056 2157 ΙΙΙ,
2104 2094 2187 2137 ex
2219 2081 2549 2139 contractu
2578 2075 3067 2160 permutationis
3111 2074 3356 2139 medie-

478 2185 676 2243 tatem
725 2178 917 2241 totius
963 2175 1362 2241 Tusculanae
1410 2178 1683 2242 civitatis
1730 2183 1797 2241 et
1840 2177 2005 2241 arcis
2052 2184 2173 2242 etc.

858 2307 908 2343 v.
944 2287 1136 2354 Roma,
1175 2286 1421 2344 Comites
1456 2286 1525 2342 de
1563 2287 1878 2343 Tusculano
1913 2307 1968 2343 n.
1994 2290 2044 2343 5.

2859 2398 2897 2456 1
3141 2443 3155 2456 .
3186 2393 3272 2454 29

474 2399 669 2565 gddo
715 2500 1077 2584 Fraiapane
1123 2500 1479 2583 profitetur,
1524 2519 1593 2563 se
1638 2499 1959 2584 recepisse
2005 2521 2046 2564 a
2089 2499 2422 2564 Bernardo
2470 2498 2642 2564 card.
2675 2521 2723 2562 s.
2756 2393 3137 2581 Offeginizizff
3175 2517 3357 2560 man-

477 2604 628 2669 dato
688 2604 1025 2690 Eugenii
1079 2603 1186 2666 III
1243 2603 1559 2685 solvente,
1626 2606 1705 2668 30
1739 2602 1880 2668 libr.
1930 2601 2074 2668 den.
2121 2602 2389 2687 Papien.
2453 2624 2570 2687 pro
2632 2603 2804 2667 omni
2867 2602 3004 2666 iure
3072 2600 3358 2686 pignoris

477 2709 877 2774 Tusculanae
923 2708 1232 2791 civitatis,
1289 2727 1482 2792 quam
1541 2705 1623 2770 ab
1671 2705 1943 2772 Oddone
2006 2706 2087 2772 de
2134 2706 2494 2792 Columpna
2552 2708 2722 2772 intus
2768 2712 2835 2771 et
2877 2704 3031 2770 foris
3075 2703 3360 2769 habebat

504 2834 568 2877 n.
602 2816 640 2875 1
676 2860 692 2875 .

475 2815 512 2896 (
634 2814 672 2897 )
854 2939 904 2975 v.
942 2922 1134 2987 Roma,
1173 2919 1319 2975 Gens
1352 2919 1671 2989 Fraiapana
1706 2937 1760 2975 n.
1788 2920 1836 2975 2.

475 3028 555 3093 *3
2807 3023 3006 3107 (1155
3051 3022 3165 3088 iul.
3200 3025 3271 3109 9)

476 3134 918 3199 Hadrianus
961 3131 1060 3196 IV
1102 3129 1397 3195 concedit
1427 3135 1494 3194 et
1521 3131 1588 3194 in
1619 3130 1881 3194 feudum
1927 3129 2041 3194 dat
2070 3129 2406 3213 Ionathae,
2452 3129 2583 3194 filio
2616 3128 2942 3215 qnondam
2975 3128 3355 3194 Tholomaei

476 3239 557 3304 de
602 3236 983 3318 Tusculana,
1029 3240 1231 3299 totam
1276 3240 1528 3319 partem
1574 3236 1847 3299 civitatis
1892 3233 2294 3299 Tusculanae
2340 3235 2581 3299 cunctis
2626 3233 2852 3299 diebus
2895 3233 3065 3299 vitae
3113 3234 3267 3297 eius.

852 3363 901 3399 v.
941 3344 1133 3411 Roma,
1172 3341 1417 3399 Comites
1453 3342 1522 3398 de
1559 3343 1876 3399 Tusculano
1912 3360 1967 3398 ιι.
1993 3343 2043 3397 6.
2072 3343 2120 3396 7.

472 3456 515 3515 4
2840 3448 3009 3511 1170
3052 3468 3196 3529 auq.
3228 3449 3273 3509 8

472 3555 736 3640 Rayno,
781 3553 947 3618 filius
993 3551 1314 3638 quondam
1362 3552 1744 3618 Tholomaei
1800 3550 1880 3616 de
1928 3551 2323 3635 Tusculano,
2369 3552 2694 3617 renuntiat
2736 3550 3204 3617 Alexandro
3251 3551 3357 3615 III

477 3666 543 3725 et
588 3658 652 3723 S.
685 3658 766 3725 R.
796 3657 872 3722 E.
920 3658 1245 3722 civitatem
1292 3656 1718 3721 Tusculanam
1764 3677 1908 3719 cum
1954 3676 2102 3721 arce
2150 3661 2270 3721 etc.

853 3787 904 3822 v.
944 3767 1134 3832 Roma,
1172 3765 1417 3824 Comites
1453 3767 1521 3822 de
1556 3766 1873 3822 Tusculano
1909 3785 1963 3822 ιι.
1987 3767 2040 3822 8.

472 3875 551 3938 *5
2877 3871 3077 3954 (1170
3120 3874 3269 3950 oct.)

473 3978 937 4045 Alexander
990 3977 1094 4041 ΠΙ
1157 3975 1399 4062 populo
1466 3976 1793 4041 Romano:
1862 3977 2207 4060 promittit,
2276 3977 2450 4062 quod
2514 3977 2595 4043 de
2665 3978 2922 4042 civitate
2992 3977 3355 4042 Tusculana

472 4083 768 4148 Romana
813 4083 1037 4146 civitas
1092 4079 1329 4144 bonum
1374 4078 1628 4145 assidue
1675 4085 2102 4166 consequetur
2158 4086 2227 4145 et
2275 4081 2434 4145 nihil
2490 4081 2640 4146 mali
2694 4082 2962 4147 ulterius
3014 4080 3248 4147 exinde
3295 4083 3356 4147 ei

473 4187 829 4273 proveniet.

851 4314 904 4351 v.
944 4295 1138 4362 Roma,
1172 4294 1409 4352 Senatus
1444 4294 1795 4366 populusque
1833 4293 2114 4350 Romanus
2148 4313 2201 4350 n.
2230 4294 2313 4350 13.

472 4402 553 4466 *6
3038 4401 3269 4486 (1172)

475 4508 655 4572 Inter
695 4504 1228 4571 Alexandrum
1272 4504 1379 4569 ΠΙ
1422 4510 1491 4571 et
1532 4506 1841 4591 populum
1884 4503 2250 4569 Romanum
2281 4511 2508 4591 sponte
2542 4507 2857 4592 convenit,
2902 4512 2974 4571 ut
3017 4529 3134 4592 pro
3180 4507 3354 4572 urbis

474 4612 808 4676 Romanae
852 4611 1095 4675 honore
1141 4631 1218 4675 ac
1261 4631 1422 4695 pace
1450 4605 1762 4695 'pontifex
1804 4631 2020 4673 muros
2053 4608 2452 4675 Tusculanae
2499 4611 2773 4675 civitatis
2819 4609 2902 4676 ad
2948 4612 3351 4676 aestimatam

475 4736 837 4780 mensuram
883 4736 1084 4800 usque
1132 4714 1216 4780 ad
1261 4715 1596 4779 inferiores
1640 4720 1857 4799 partes
1902 4713 2067 4778 arcis
2110 4714 2446 4797 permittat
2488 4714 2673 4779 dirui.

853 4845 903 4881 v.
940 4825 1132 4890 Roma,
1168 4827 1408 4883 Senatus
1444 4827 1796 4897 populusque
1832 4824 2115 4880 Romanus
2149 4843 2204 4880 n.
2234 4826 2312 4880 14.

473 4932 556 4995 *7
3069 4931 3237 4993 1183

475 5036 758 5100 Lucius
802 5036 905 5100 ΠΙ
956 5036 1357 5102 senatoribus
1409 5033 1583 5100 urbis
1642 5034 1893 5099 Romae
1947 5035 2143 5098 mittit
2186 5035 2467 5119 nuntios,
2522 5042 2593 5099 ut
2637 5035 2859 5099 civitas
2906 4930 3268 5100 Tusculana
3313 5056 3353 5098 a

474 5139 912 5204 Romanorum
957 5141 1251 5206 manibus
1295 5140 1619 5205 liberetur.

854 5266 905 5303 v.
941 5247 1135 5314 Roma,
1172 5247 1409 5304 Senatus
1442 5246 1798 5318 populusque
1834 5247 2112 5302 Romanus
2147 5265 2200 5301 ιι.
2230 5247 2311 5302 17.
