4055 6069
716 544 737 604 1
755 542 835 606 98
2036 533 2277 593 Latium.

917 710 1102 766 Huius
1144 709 1304 764 Mi
1346 709 1734 779 autoyraphum
1777 715 1954 765 exstat
2006 709 2208 765 Romae
2251 710 2314 764 in
2358 709 2573 765 archivo
2615 710 2783 766 casm?
2815 728 2858 767 s.
2879 711 3074 782 Anyeli
3107 712 3257 767 Arm.
3291 710 3463 769 ΧΙΠ
3486 728 3534 767 ο.
3559 712 3600 766 Ι

706 816 761 854 n.
791 808 864 854 10.
902 828 967 837 —
1006 796 1150 852 Edd.
1188 796 1349 850 Studi
1381 814 1409 851 e
1444 796 1559 852 doc.
1598 797 1721 851 VII
1746 805 1843 853 210
1864 814 1920 853 n.
1946 804 2011 852 22
2047 821 2114 843 =
2155 796 2352 852 Galim
2386 797 2566 852 Ston'a
2601 796 2661 851 di
2698 796 3076 852 Civitavwchia
3102 814 3162 866 p.
3187 803 3290 853 108
3319 803 3427 853 not.
3453 806 3495 853 1.
3521 830 3588 839 —

708 885 870 955 Reqy.
913 883 1245 953 campanari
1282 884 1356 937 II
1383 891 1465 938 26.
1503 884 1658 938 Pet-ts
1690 884 1753 937 in
1789 884 1988 939 Archiv
2023 884 2141 938 VII
2169 890 2248 939 21.
2309 883 2424 941 JL.
2462 914 2545 938 -—.

1085 971 1165 1026 De
1210 988 1270 1026 re
1315 971 1383 1026 cf.
1431 970 1638 1026 calisse
1674 970 1734 1026 in
1770 970 1933 1027 Studi
1968 988 1999 1027 e
2035 971 2154 1026 doc.
2182 971 2315 1026 VIII
2365 971 2466 1027 233
2486 989 2566 1040 sq.
2607 1001 2671 1011 —
2707 969 2937 1035 Nescio,
2992 986 3092 1025 cur
3143 969 3387 1027 editores
3438 972 3590 1026 hunc

911 1057 1167 1114 libellum
1217 1058 1291 1114 ad
1333 1075 1383 1113 a.
1426 1058 1561 1114 1120
1603 1058 1864 1114 referant.
1945 1057 2241 1114 Terminus
2271 1058 2356 1113 ad
2393 1075 2593 1127 quem,
2639 1057 2675 1114 i.
2714 1075 2761 1114 e.
2796 1075 2846 1113 a.
2883 1057 3047 1122 1116,
3100 1074 3167 1111 ex
3222 1055 3588 1114 cardinalium

912 1144 1230 1200 nominibus
1265 1142 1561 1200 evincitur.

1534 1332 1886 1403 *Ecclesia
1930 1333 2318 1416 collegiata
2360 1350 2418 1401 s.
2449 1333 2737 1402 Mariae.

1758 1445 1965 1515 (Santa
1999 1444 2180 1500 Maria
2215 1443 2537 1517 Maggiore)

916 1568 998 1632 In
1041 1569 1279 1632 Leonis
1316 1568 1413 1632 IV
1459 1567 1793 1653 privilegio
1838 1567 2114 1652 legimus
2165 1567 2542 1650 „ecclesiam
2589 1589 2637 1631 s.
2671 1567 2938 1646 Mariae,
2986 1588 3150 1652 quae
3199 1567 3352 1631 olim
3398 1574 3592 1652 caput

708 1673 1018 1758 episcopii
1064 1673 1311 1736 exstitit
1372 1677 1438 1736 et
1483 1691 1646 1735 nunc
1706 1670 1890 1756 plebs
1949 1670 2123 1735 facta
2177 1670 2336 1735 est“.
2435 1669 2616 1735 Saec.
2664 1670 2803 1735 XII
2861 1693 2899 1735 a
2956 1672 3169 1755 priore
3227 1676 3404 1736 recta
3470 1671 3595 1735 fuit

706 1777 795 1863 (n.
828 1775 910 1862 1).
980 1776 1059 1840 A.
1102 1779 1262 1841 1206
1295 1780 1685 1858 consecrata,
1729 1774 1934 1859 fulget
1964 1774 2238 1838 ecclesia
2266 1774 2430 1838 haec
2458 1774 2626 1839 inter
2653 1772 2825 1838 XIII
2853 1794 3020 1839 saec.
3055 1775 3209 1839 artis
3239 1774 3594 1839 clarissima

707 1885 1139 1944 monumenta.

921 2027 1347 2111 Documenta,
1394 2048 1561 2111 quae
1607 2025 1771 2091 hanc
1802 2026 2142 2091 ecclesiam
2173 2027 2541 2110 respiciunt,
2592 2027 2657 2090 in
2689 2026 2947 2092 archivo
2981 2027 3292 2093 ecclesiae
3338 2049 3386 2091 s.
3418 2027 3594 2092 Lau·

709 2132 918 2215 rentii,
963 2136 1034 2195 ut
1078 2131 1374 2214 diximus,
1422 2130 1858 2196 adservantur.

915 2286 970 2340 A
1021 2308 1084 2332 =
1121 2284 1274 2357 Orig.
1313 2284 1645 2341 Toscanella
1681 2284 1847 2339 Arch.
1885 2282 2037 2338 della
2074 2281 2391 2354 collegiata
2424 2284 2499 2353 (S.
2526 2285 2805 2351 Loreuzo).

921 2370 977 2425 B
1024 2395 1087 2418 =
1126 2371 1261 2441 cop.
1297 2390 1339 2426 s.
1375 2371 1562 2426 XVIII
1599 2370 1676 2427 ib.

918 2456 967 2511 0
1018 2481 1083 2504 =
1121 2456 1287 2513 Libro
1323 2458 1389 2524 D,
1425 2477 1465 2513 s.
1503 2456 1707 2523 XVIII,
1742 2456 1820 2512 ib.

916 2543 978 2597 D
1011 2565 1077 2590 =
1115 2543 1172 2597 F.
1200 2542 1432 2614 Ughelli
1482 2543 1792 2615 Privilegia
1836 2542 2165 2614 pontificum
2213 2545 2272 2599 et
2318 2541 2746 2612 imperatorum,
2798 2559 2839 2597 s.
2869 2542 3050 2610 XVII,
3106 2543 3225 2601 cod.
3259 2545 3387 2602 Vat.
3427 2548 3594 2605 Barb.

1120 2629 1259 2686 3214
1294 2630 1411 2699 (XL
1450 2631 1531 2695 11,
1568 2629 1704 2685 olim
1739 2629 1925 2697 3632„
1963 2629 2033 2685 cf.
2072 2628 2343 2700 Pflung.
2382 2629 2495 2684 Iter
2530 2647 2584 2698 p.
2610 2628 2692 2685 93.

710 2738 750 2797 1
2699 2733 2953 2800 Velletri
2994 2739 3163 2801 1180
3206 2743 3391 2802 πιανέ.
3426 2740 3510 2802 16

708 2838 1156 2905 Alexander
1199 2840 1305 2904 III
1367 2840 1759 2905 Mardocheo
1812 2841 2012 2925 priori
2067 2844 2218 2904 eta:
2289 2839 2626 2903 ecclesiam
2683 2861 2732 2902 s.
2776 2838 3020 2905 Mariae
3077 2840 3431 2908 Tuscanen.
3477 2842 3597 2907 sub

712 2949 918 3028 apost.
962 2945 1361 3029 protectione
1406 2944 1689 3029 suscipit,
1735 2943 2070 3008 confirmat
2099 2944 2534 3028 possessiones
2563 2944 2838 3028 propriis
2879 2965 3218 3030 expressas
3246 2946 3598 3030 vocabulis,

713 3047 1033 3133 prohibet,
1074 3055 1149 3114 ut
1190 3049 1358 3114 iufra
1399 3048 1774 3134 parochiam
1817 3048 2030 3114 nullus
2075 3049 2415 3113 ecclesiam
2459 3048 2564 3113 vel
2615 3050 2961 3113 oratorium
3005 3049 3348 3117 aedificare
3405 3074 3598 3137 prae-

715 3158 925 3217 sumat
990 3160 1059 3218 et
1116 3155 1182 3217 in
1249 3154 1505 3219 civitate
1572 3152 1962 3240 baptismum
2013 3154 2135 3217 nisi
2202 3155 2268 3217 in
2324 3151 2554 3217 eadem
2619 3153 2892 3218 ecclesia
2952 3153 3281 3238 celebrare
3339 3156 3598 3241 audeat,

714 3255 1009 3321 concedit
1060 3257 1475 3343 sepulturam.
1530 3294 1613 3305 —-
1659 3257 1822 3323 Cum
1867 3257 2074 3322 nobis.
2176 3257 2318 3342 Ego
2377 3256 2756 3321 Alexander
2811 3263 2930 3322 etc.
3024 3256 3279 3324 Subscr.
3340 3261 3380 3324 9
3422 3260 3598 3326 card.

711 3360 861 3425 Dat.
901 3360 1172 3426 Velletr.
1230 3384 1295 3447 p.
1353 3383 1438 3427 m.
1525 3361 1779 3426 Alberti
1837 3359 1901 3425 S.
1942 3360 2022 3425 R.
2068 3359 2141 3424 Ε.
2197 3358 2407 3444 presb.
2470 3359 2642 3424 card.
2700 3366 2767 3426 et
2822 3381 3031 3444 canc.,
3094 3367 3170 3426 17
3211 3363 3341 3427 kal.
3389 3366 3599 3449 april„

712 3463 841 3528 ind.
895 3469 994 3549 12,
1038 3467 1159 3531 inc.
1207 3465 1267 3530 d.
1314 3488 1372 3531 a.
1412 3469 1596 3551 1179,
1641 3471 1818 3551 pont.
1865 3486 1924 3528 v.
1971 3464 2036 3530 d.
2079 3463 2440 3529 Alexandri
2483 3486 2589 3549 pp.
2638 3463 2745 3527 III
2787 3485 2845 3528 a.
2879 3467 2981 3528 21.

918 3578 987 3631 A.
1022 3577 1124 3646 [Β.
1156 3576 1202 3631 c
1229 3576 1273 3643 f.
1298 3585 1377 3634 47.
1421 3577 1482 3631 D
1510 3578 1554 3645 f.
1580 3576 1725 3649 174].
1769 3608 1839 3619 -
1884 3574 2030 3630 Edd.
2078 3575 2279 3646 Uqheui
2316 3577 2334 3609 ²
2363 3576 2445 3629 Ι*
2468 3580 2609 3642 308,-
2657 3577 2678 3608 ²
2707 3574 2750 3628 Ι
2778 3583 2907 3630 1406
2939 3592 3007 3629 ex
3042 3575 3095 3629 A
3133 3578 3220 3643 (18
3245 3577 3357 3631 kal.
3393 3579 3598 3648 april).

718 3662 987 3716 Tmozzi
1018 3679 1076 3732 p.
1103 3670 1194 3718 113
1227 3681 1283 3719 n.
1308 3670 1342 3720 3
1376 3679 1443 3719 ex
1477 3664 1530 3718 A
1566 3663 1658 3731 (cf.
1686 3679 1744 3731 p.
1771 3670 1848 3718 10.
1887 3668 1968 3716 47.
2005 3665 2095 3731 87)
2132 3684 2195 3707 ---
2240 3661 2570 3731 campanari
2595 3661 2669 3715 11
2695 3668 2786 3716 119
2821 3678 2877 3716 n.
2906 3670 2978 3717 17.
3030 3694 3096 3703 -—
3143 3663 3301 3733 Rem.
3339 3665 3400 3721 J.
3440 3671 3598 3721 8787.

714 3747 819 3802 JL.
858 3754 1024 3804 13632
1059 3748 1134 3803 ad
1162 3756 1321 3805 mart.
1350 3758 1428 3806 15.

1727 3903 2239 3974 Monasterium
2285 3919 2342 3969 s.
2375 3902 2589 3970 Iusti.

754 4099 759 4104 .
929 4036 1460 4123 Antiquissimum
1492 4037 1614 4102 hoc
1643 4038 2127 4121 monasterium,
2170 4035 2450 4120 positum
2483 4033 2655 4098 haud
2686 4034 2910 4118 procul
2954 4034 3036 4100 ab
3067 4035 3225 4101 urbe
3258 4037 3599 4122 Tuscania‚

717 4140 924 4206 ordini
968 4164 1017 4208 s.
1048 4141 1388 4207 Benedicti
1432 4141 1758 4207 addictum
1806 4140 1925 4206 fuit
1967 4161 2170 4227 usque
2217 4139 2302 4204 ad
2346 4159 2512 4204 saec.
2543 4138 2698 4202 XII.
2789 4138 2966 4218 Tunc
3011 4137 3095 4203 ad
3141 4139 3602 4206 cistercienses

715 4243 825 4329 (cf.
872 4243 1083 4308 Lubin
1132 4266 1197 4329 p.
1232 4248 1388 4322 398;
1448 4244 1863 4311 Janauschek
1919 4245 2100 4329 Orig.
2159 4242 2422 4308 cisterc.
2481 4263 2543 4326 p.
2580 4245 2660 4307 88
2704 4264 2765 4306 n.
2800 4241 2952 4326 220)
3008 4244 3277 4328 transiit,
3321 4247 3601 4329 primum

714 4349 916 4413 veluti
959 4347 1093 4413 filia
1136 4350 1506 4414 monasterii
1550 4349 1904 4414 Fontisvivi
1955 4347 2358 4432 Parmensis,
2427 4345 2508 4410 ab
2563 4346 2856 4411 Honorio
2902 4346 3007 4418 III
3039 4368 3128 4429 na.
3167 4351 3329 4413 1217
3398 4351 3524 4414 iau.
3558 4358 3600 4417 5

716 4451 1049 4537 (Potthast
1089 4452 1254 4537 Reg.
1312 4457 1499 4518 5410.
1549 4457 1708 4518 5411
1734 4477 1750 4530 ;
1804 4451 2122 4518 Pressutti
2166 4452 2331 4537 Reg.
2379 4449 2654 4514 Honorii
2699 4449 2804 4514 III
2850 4457 2894 4515 t.
2937 4449 2971 4513 I
3017 4455 3098 4516 39
3144 4473 3204 4515 n.
3247 4455 3393 4517 213.
3440 4454 3602 4540 214)

717 4557 1229 4622 Casaemariensi
1283 4559 1674 4623 monasterio
1728 4557 1909 4622 filiali
1953 4556 2185 4641 copula
2230 4554 2582 4639 adnexum,
2630 4553 2907 4640 denique
2953 4553 3035 4619 ab
3079 4555 3454 4622 Alexandro
3500 4557 3603 4623 IV

718 4682 777 4725 a.
829 4664 991 4725 1255
1046 4658 1158 4745 (cf.
1204 4661 1442 4727 Bourel
1488 4661 1568 4727 de
1622 4661 1687 4727 la
1740 4661 2061 4726 Rouciere
2121 4661 2250 4724 Les
2303 4660 2608 4744 registr-es
2654 4657 2712 4721 d'
2739 4658 3112 4724 Alexandro
3158 4657 3256 4724 IV
3314 4666 3357 4724 t.
3389 4661 3425 4725 Ι
3469 4664 3602 4727 228

718 4787 781 4828 n.
817 4764 992 4847 743),
1040 4786 1235 4849 quum
1280 4766 1563 4851 graviter
1608 4772 1780 4831 esset
1840 4766 1906 4829 in
1949 4761 2387 4849 spiritualibus
2432 4769 2499 4827 et
2543 4762 3002 4848 temporalibus
3046 4761 3474 4829 deformatum
3521 4787 3604 4831 ac

719 4871 785 4932 in
839 4866 1024 4933 bouis
1076 4868 1240 4935 adeo
1298 4869 1709 4953 diminutum,
1773 4875 1844 4934 ut
1907 4868 2149 4935 ibidem
2220 4867 2469 4932 nonnisi
2537 4873 2574 4931 5
2621 4867 2724 4932 vel
2785 4872 2824 4932 6
2863 4867 3163 4932 monachi
3216 4868 3604 4954 residerent,

717 4971 1051 5037 monachis
1104 4994 1151 5037 s.
1184 4972 1510 5038 Anastasii
1571 4972 1656 5037 ad
1707 4973 1931 5058 Aquas
1984 4972 2232 5037 Salvias
2286 4971 2658 5036 cistercien.
2720 4970 2854 5036 ord.
2909 4971 3390 5056 reformandum
3444 4994 3606 5038 con-

720 5099 968 5143 cessum
1016 5085 1131 5142 est.
1223 5076 1579 5163 Suppressa
1636 5078 2167 5163 congregatione,
2219 5076 2680 5141 monasterium
2732 5097 2781 5138 s.
2813 5075 2974 5140 Iusti
3019 5076 3085 5139 in
3128 5077 3604 5160 possessionem

720 5201 981 5247 mensae
1027 5181 1411 5267 episcopalis
1457 5181 1882 5264 Tuscanensis
1928 5180 2190 5246 devenit
2232 5180 2342 5266 (cf.
2390 5179 2713 5243 Turriozzi
2757 5201 2821 5264 p.
2867 5178 3001 5265 55).
3089 5178 3322 5246 Hodie·
3353 5188 3606 5248 tantum

720 5286 942 5367 ruinae
987 5288 1362 5352 monasterii
1406 5291 1746 5371 supersunt
1789 5282 1897 5369 (cf.
1947 5284 2333 5372 campanari
2376 5282 2412 5348 I
2463 5286 2581 5348 119
2606 5281 2751 5370 sq.).
