4055 6069
1200 437 1571 510 Episcopatus
1606 438 1931 496 Ferentinae
1972 468 2032 478 --
2074 439 2292 497 Civitas
2328 440 2667 497 Ferentinae.
3259 446 3375 505 147

1553 733 1819 803 Civitas
1863 734 2315 803 Ferentinae.

700 891 803 957 De
833 891 1091 956 archivo
1122 892 1397 956 civitatis
1428 890 1507 954 cf.
1539 890 1615 953 P.
1648 889 1840 975 Egidi
1871 890 2127 955 Notizia
2156 893 2503 956 sommaria
2534 892 2682 958 dell’
2717 894 2999 959 archivio
3031 898 3370 962 comunale

488 995 551 1058 di
596 993 942 1060 Ferentino
986 997 1080 1059 in:
1127 995 1323 1059 Arch.
1370 994 1543 1059 della
1589 993 1732 1059 Soc.
1779 994 1967 1059 Rom.
2015 994 2209 1060 XXV
2256 994 2486 1082 (1902)
2532 999 2650 1062 211
2692 1020 2786 1083 sq.

690 1167 748 1220 A
794 1190 859 1213 =
898 1166 1051 1238 Orig.
1088 1166 1385 1223 Ferentino
1420 1165 1585 1221 Arch.
1623 1166 1933 1221 comunale.

690 1253 748 1308 B
794 1278 859 1300 =
896 1253 1031 1324 Cop.
1067 1273 1110 1308 s.
1136 1253 1297 1308 XVII
1332 1252 1408 1309 ib.
1446 1252 1591 1322 (Vol.
1630 1251 2081 1325 Riformagioni).
2222 1327 2226 1331 .

486 1375 565 1436 *1
2882 1381 3289 1467 (1100—17)

484 1479 896 1543 Paschalis
940 1480 1010 1543 ΙΙ
1069 1478 1204 1565 (qui
1260 1478 1489 1546 eadem
1546 1480 1690 1544 loca
1745 1503 1860 1545 sua
1918 1482 2234 1566 corporali
2293 1483 2662 1567 praesentia
2712 1484 3020 1570 visitavit)
3077 1485 3371 1552 Ferenti-

486 1582 739 1648 natibus
783 1604 900 1668 per
943 1586 1326 1650 sententiam
1373 1605 1551 1648 suam
1602 1592 1806 1649 terras
1853 1585 2165 1671 quasdam
2212 1585 2526 1671 adsignat.

692 1693 873 1749 Laud.
909 1696 973 1748 a·
1006 1712 1062 1751 n.
1086 1705 1136 1750 4.
1180 1726 1240 1736 -
1280 1696 1406 1767 περ.
1444 1695 1552 1750 JL.
1590 1727 1675 1751 —.

485 1815 565 1877 *2
2915 1823 2996 1885 11
3095 1863 3167 1872 —

481 1920 557 1985 In
601 1923 967 2006 praesentia
1012 1921 1293 1987 Oonradi
1339 1922 1640 1989 Sabinen.
1689 1946 1813 2009 ep..
1860 1923 2197 2010 Eugenii
2242 1924 2349 1989 III
2391 1926 2631 2007 vicarii,
2679 1822 3085 1992 causa(int4e{
3128 1824 3371 1994 Fissn-

484 2026 719 2091 tinates
765 2034 831 2091 et
874 2026 1167 2091 homines
1213 2026 1427 2092 Silvae
1473 2029 1684 2092 mollis
1728 2050 1922 2113 super
1969 2032 2154 2094 terrie
2199 2032 2428 2113 agitur.

686 2136 869 2192 Laud.
906 2138 969 2190 a·
1003 2154 1059 2192 n.
1089 2146 1139 2192 4.
1176 2168 1244 2178 -
1286 2138 1415 2207 1209.
1451 2139 1556 2193 JL.
1598 2170 1677 2194 -.

480 2259 515 2297 ’k
3089 2303 3162 2315 —

480 2261 879 2449 E3ugenius
909 2363 1012 2428 ΙΠ
1045 2367 1416 2430 transmittit
1445 2366 1681 2431 Iulium
1710 2365 1921 2451 presb.
1955 2389 2003 2431 s.
2039 2366 2328 2432 Marcelli
2360 2375 2426 2432 et
2457 2366 2820 2434 Guidonem
2855 2265 3098 2435 gfff.
3124 2268 3369 2435 M5a1r)iae

481 2464 570 2553 [in
614 2465 901 2555 Porticu]
949 2467 1033 2531 ad
1078 2468 1360 2534 videnda
1405 2472 1545 2555 ipsa
1588 2470 1751 2535 loca.

687 2577 870 2635 Laud.
905 2580 966 2632 in
1001 2596 1057 2636 n.
1082 2589 1130 2634 4.
1168 2611 1235 2621 -
1274 2580 1405 2651 Ray.
1443 2580 1549 2636 JL.
1591 2611 1672 2636 -.

477 2703 518 2761 4
2602 2703 2789 2785 Seym‘
2835 2706 3002 2769 1151
3047 2705 3160 2771 iul.
3193 2706 3282 2768 23
3365 2704 3370 2708 ’

480 2802 894 2891 [Eugenius
938 2805 1043 2869 ΠΙ
1088 2804 1657 2893 Ferentinatibus]:
1707 2806 2040 2871 confirmat
2085 2807 2418 2872 Paschalis
2461 2806 2532 2870 H
2587 2808 2680 2887 (n.
2715 2808 2785 2889 1)
2831 2811 3242 2894 sententiam,
3301 2818 3368 2875 et

478 2907 864 2973 condemnat
918 2909 1272 2977 Iohannem
1332 2909 1887 2994 Scalciagallinam
1956 2911 2266 2975 sindicum
2332 2913 2435 2977 vel
2503 2920 2983 2997 procuratorem
3037 2914 3364 2979 hominum

478 3011 692 3079 Silvae
757 3013 970 3078 mollis
1038 3016 1102 3078 in
1175 3015 1641 3080 restitutionem
1708 3022 2018 3080 terrarum
2079 3039 2118 3080 a
2180 3016 2494 3081 Paschale
2543 3016 2614 3080 11
2676 3016 3192 3083 Ferentinatibus
3250 3018 3364 3083 ad-

477 3118 889 3201 signatamm,
938 3117 1358 3182 Sarracenum
1390 3139 1541 3183 vero
1590 3118 1901 3183 sindicum
1931 3108 2411 3184 Ferentinatem
2457 3122 2523 3183 in
2562 3123 3029 3184 restitutionem
3061 3121 3364 3207 praedae,

477 3242 668 3304 quam
713 3229 860 3306 post
906 3243 1163 3286 causam
1209 3223 1271 3285 in
1304 3224 1671 3305 praesentia
1703 3222 1982 3286 Com-adi
2016 3222 2315 3288 Sabinen.
2351 3245 2474 3308 ep„
2521 3225 2740 3288 vicarii
2771 3245 3004 3310 papae,
3052 3228 3364 3310 agitatam

474 3326 566 3402 (n.
599 3325 673 3405 2)
715 3324 1024 3389 fecerunt.
1074 3365 1156 3372 »-
1200 3325 1301 3390 Ne
1348 3346 1562 3389 rerum
1608 3333 1954 3410 gestarum.
2046 3326 2187 3412 Ego
2233 3325 2562 3411 Eugenius
2608 3335 2729 3391 etc.
2813 3327 3066 3392 Subscr.
3117 3332 3155 3394 8
3190 3329 3363 3392 card.

476 3425 623 3491 Dat.
674 3427 933 3513 Signiae
981 3450 1041 3512 p.
1081 3451 1165 3492 m.
1212 3429 1485 3493 Boeonis
1531 3428 1593 3492 S.
1627 3428 1705 3492 R.
1738 3429 1812 3494 E.
1861 3431 2216 3515 scriptoris,
2281 3435 2356 3494 10
2388 3430 2517 3496 kal.
2568 3451 2752 3516 aug.,
2811 3432 2937 3495 ind.
2993 3437 3098 3517 14,
3146 3434 3266 3498 inc.
3302 3432 3362 3497 d.

475 3552 531 3593 a.
574 3536 756 3614 1151,
801 3539 977 3616 pont.
1024 3553 1081 3595 v.
1117 3530 1177 3595 d.
1209 3531 1484 3617 Eugenii
1529 3532 1635 3596 III
1680 3555 1789 3618 pp.
1837 3556 1894 3597 a.
1932 3540 1988 3598 7.

681 3643 749 3695 Δ.
787 3641 916 3711 [BJ.
955 3672 1020 3681 —
1058 3641 1164 3696 Ed.
1206 3642 1349 3696 Gott.
1389 3642 1592 3697 Nachr.
1631 3650 1763 3697 1900
1787 3661 1845 3712 p.
1872 3637 1970 3698 319
2005 3662 2061 3699 n.
2089 3654 2150 3700 10
2184 3661 2248 3698 ex
2284 3646 2352 3699 A.
2391 3675 2455 3685 -
2496 3645 2623 3713 Ray.
2663 3644 2778 3700 JL.
2819 3676 2899 3699 —.

864 3736 1073 3791 Silvam
1108 3736 1331 3791 mollem
1370 3754 1419 3790 a.
1452 3737 1584 3792 1186
1634 3755 1668 3791 a
1704 3737 1968 3792 Romanis
2004 3741 2288 3794 vastatam
2324 3738 2564 3810 legimus
2600 3740 2658 3794 in
2696 3739 2897 3795 Chron.
2936 3740 3135 3796 Fossae
3186 3758 3362 3797 novae

691 3822 797 3889 (ed.
842 3823 1113 3878 Muratori
1169 3823 1280 3879 Scr.
1318 3823 1423 3878 VII
1470 3824 1593 3890 876)
1649 3823 1766 3880 sive
1820 3826 1961 3879 Ann.
2018 3825 2250 3881 Ceccan.
2297 3827 2402 3893 (ed.
2448 3826 2593 3880 Mon.
2649 3825 2830 3881 Germ.
2885 3826 2997 3881 Ser.
3044 3827 3180 3880 xlx
3222 3827 3359 3896 287).

685 3908 993 3964 Ecclesiam
1063 3911 1304 3965 ruralem
1359 3928 1401 3964 s.
1440 3908 1653 3964 Mariae
1709 3910 1776 3965 de
1829 3910 1986 3965 Silva
2031 3912 2199 3967 molle
2260 3912 2332 3966 ad
2386 3911 2793 3967 ordinationem
2848 3928 2936 3981 ep.
2982 3911 3361 3968 Ferentinatis

683 3994 1033 4063 pertinuisse,
1068 4013 1136 4051 ex
1174 3995 1477 4051 Alexandri
1515 3996 1590 4050 IV
1636 3996 1907 4067 rescripto
1952 4015 2001 4052 a.
2039 4000 2176 4054 1255
2220 3999 2336 4054 dec.
2373 4000 2406 4052 6
2462 4000 2684 4066 (Bourel
2730 4000 2798 4053 de
2848 4000 2904 4054 la
2953 3999 3220 4055 Ronciere
3258 4000 3361 4056 Les

676 4078 940 4150 registres
977 4081 1027 4133 d'
1049 4081 1364 4136 Alexandre
1405 4081 1480 4136 IV
1516 4082 1608 4136 t.1
1646 4082 1749 4136 276
1785 4101 1837 4138 n.
1862 4083 1986 4152 931)
2023 4088 2281 4153 apparet.

2941 5299 3039 5354 10‘
