4055 6069
1270 531 1647 607 Episcopatus
1680 531 1946 605 signinus
1980 564 2050 575 —
2085 531 2234 590 Gens
2270 531 2567 589 Comitum.
3238 537 3358 600 133

467 714 549 778 *6
2445 707 2769 773 Laterano
2814 707 2987 770 1188
3029 706 3156 771 dec.
3193 709 3275 770 19

468 819 842 886 Clemens
886 819 989 883 III
1043 818 1340 885 concedit
1395 818 1801 904 privilegium
1854 817 2291 903 protectionis.
2342 852 2424 861 -—
2477 812 2627 877 Dat.
2692 812 2836 875 Lat.
2892 814 2968 873 14
3018 810 3149 874 kal.
3210 813 3358 894 ian.,

467 924 597 989 ind.
635 926 694 1007 7,
740 944 800 988 a.
839 926 1024 1007 1188,
1069 930 1245 1009 pont.
1293 944 1351 987 a.
1391 928 1443 987 1.

565 1074 574 1081 -
677 1034 726 1091 0
750 1035 794 1101 f.
818 1041 923 1091 306
946 1034 1076 1104 Ray.
1132 1033 1193 1088 D
1217 1051 1277 1103 p.
1301 1040 1401 1089 367
1437 1033 1571 1105 Βορ-
1600 1062 1664 1072 -
1705 1032 1865 1103 Reyy.
1912 1033 2116 1104 Uylaeui
2158 1038 2171 1068 ¹
2202 1036 2238 1088 Ι
2258 1036 2283 1065 *
2307 1044 2427 1105 150,-
2467 1040 2489 1071 ²
2508 1036 2551 1089 I
2568 1042 2701 1092 1237
2722 1059 2784 1082 =
2814 1035 2999 1103 Miqne
3026 1027 3205 1085 CCIV
3230 1032 3361 1081 1413

467 1139 521 1176 n.
550 1128 667 1177 102.
737 1122 792 1178 J·
831 1128 1004 1179 10127.
1057 1120 1174 1178 JL.
1212 1126 1387 1177 16367.

1238 1362 1754 1431 nonastermm
1799 1380 1856 1429 s.
1890 1363 2155 1431 Mariae
2202 1363 2287 1430 de
2333 1363 2588 1432 Rosili.

684 1520 762 1586 In
811 1522 998 1587 Lucii
1043 1520 1149 1585 111
1200 1521 1536 1606 privilegio
1599 1541 1714 1605 pro
1773 1523 2151 1606 episcopatu
2206 1522 2470 1606 Signino
2528 1520 2616 1607 (n.
2662 1524 2731 1608 4)
2784 1524 3081 1590 laudatur
3132 1547 3357 1591 mona-

470 1625 733 1691 sterium
778 1647 828 1690 s.
859 1624 1106 1690 Mariae
1140 1623 1221 1689 de
1250 1623 1550 1689 Roscillis
1595 1625 1762 1689 inter
1806 1627 2244 1708 possessiones
2291 1627 2604 1692 ecclesiae
2637 1628 3043 1693 cathedralis.
3118 1630 3360 1694 Postea

472 1730 748 1794 occurrit
804 1729 872 1793 in
939 1727 1161 1794 Cencii
1204 1727 1402 1793 Libro
1447 1748 1750 1793 censuum
1807 1728 1870 1792 S.
1902 1729 1982 1794 R.
2015 1727 2129 1812 R,
2191 1728 2302 1794 ubi
2362 1730 2525 1796 haec
2578 1738 2880 1797 notantur
2927 1732 3357 1817 (Fabre-Du-

472 1833 707 1898 chesne
751 1831 788 1896 I
838 1830 973 1917 12):

861 1936 1364 2021 „Monasterium
1433 1935 1514 2001 de
1566 1935 1825 2000 Rossilo
1872 1936 1902 1999 I
1979 1936 2239 2001 obolum
2306 1942 2835 2005 massamutinum
2901 1961 3018 2026 pro
3084 1941 3359 2005 ecclesia

640 2063 691 2104 s.
724 2040 1087 2126 Symeonis,
1149 2059 1340 2124 quam
1404 2041 1466 2104 ei
1519 2039 1834 2105 concessit
1893 2039 2188 2104 dominus
2231 2040 2558 2107 Honorius
2614 2045 2838 2108 tertius
2882 2065 3084 2129 papa,
3147 2044 3358 2128 ponti-

641 2144 867 2209 ficatus
911 2145 1048 2209 eius
1093 2163 1260 2208 anno
1307 2144 1590 2229 quinto.“

684 2245 916 2311 Utrum
961 2247 1419 2311 monasterium
1465 2247 1589 2311 hoc
1620 2248 2039 2331 protectionis
2068 2248 2478 2334 privilegium
2522 2250 2649 2314 iam
2680 2258 2829 2315 ante
2861 2249 3221 2315 Honorium
3252 2252 3358 2316 III

471 2372 672 2417 necne
727 2350 1103 2433 obtinuerit,
1157 2372 1418 2435 prorsus
1478 2351 1863 2437 ignoramus.
1952 2351 2378 2437 Temporibus
2433 2352 2494 2417 N
2498 2353 2688 2418 icolai
2742 2353 2839 2417 IV
2897 2355 3358 2420 monasterium

477 2453 556 2519 (10
622 2453 925 2519 Roscillis
1000 2454 1136 2518 ord.
1203 2476 1251 2518 s.
1294 2454 1632 2520 Benedicti
1700 2453 1866 2520 adeo
1937 2456 2001 2518 in
2069 2455 2503 2540 spiritualibus
2567 2463 2634 2521 et
2702 2457 3163 2543 temporalibus
3218 2465 3360 2524 erat

474 2557 850 2643 collapsum,
895 2564 966 2623 ut
1010 2558 1259 2623 nonnisi
1304 2557 1429 2622 duo
1477 2559 1544 2622 in
1588 2579 1665 2622 eo
1713 2558 2010 2623 monachi
2058 2566 2466 2624 remanerent
2513 2560 2621 2644 (cf.
2667 2559 2878 2626 Lubin
2921 2582 2985 2645 p.
3021 2560 3196 2645 348).

1612 2849 1800 2920 Gens
1846 2850 2224 2920 Comitum.

1804 2974 1824 3043 (
1834 2973 1999 3030 Couti
2010 2977 2032 3044 )

675 3113 741 3169 A.
766 3112 1154 3170 Ceccarelli
1189 3112 1439 3169 Historia
1482 3113 1634 3168 della
1667 3112 2018 3169 nobilissima
2061 3117 2121 3170 et
2166 3113 2358 3171 antica
2394 3133 2525 3170 casa
2561 3114 2753 3181 Confi,
2807 3134 2906 3170 ms.
2952 3133 3001 3171 a.
3031 3115 3188 3181 1579,
3239 3115 3358 3170 cod.

470 3200 600 3257 Vat.
654 3199 844 3256 Ottob.
881 3200 1014 3255 2611
1069 3201 1161 3268 (cf.
1198 3199 1351 3255 Gott.
1390 3199 1598 3255 Nachr.
1639 3200 1773 3255 1903
1826 3217 1881 3269 p.
1914 3201 2018 3268 65).
2074 3231 2141 3240 -
2194 3201 2254 3255 F.
2282 3200 2640 3256 Contelori
2694 3201 3040 3273 Genealogia
3091 3201 3359 3257 comitum

471 3286 725 3360 Signiae,
780 3305 878 3342 ms.
923 3305 965 3341 s.
1001 3285 1184 3351 XVII,
1239 3286 1360 3342 cod.
1394 3286 1523 3341 Vat.
1570 3286 1735 3342 Barb.
1780 3286 1918 3342 2383
1972 3287 2207 3353 (XXXII
2256 3289 2379 3352 174,
2439 3287 2574 3343 olim
2616 3287 2790 3357 2282).
2847 3318 2905 3326 —
2964 3288 3037 3342 M.
3074 3286 3358 3359 Dionigi

469 3373 812 3447 Genealogia
847 3373 907 3430 di
954 3391 1085 3430 casa
1120 3372 1287 3430 Conti
1321 3374 1406 3440 (In
1431 3373 1633 3428 Parma
1674 3373 1844 3440 1663).
1887 3406 1939 3414 -
1988 3375 2053 3429 G.
2080 3373 2380 3430 Cascioli
2415 3374 2682 3430 Memorio
2719 3373 2962 3430 storiche
2998 3373 3058 3428 di
3092 3373 3219 3430 Poli
3256 3392 3358 3430 con

468 3462 644 3519 molte
678 3460 884 3518 notizie
919 3460 1131 3517 inedite
1166 3460 1319 3516 della
1354 3461 1572 3517 celebre
1609 3459 1868 3532 famiglia
1904 3460 2069 3516 Conti
2107 3462 2305 3529 (Roma
2343 3461 2514 3529 1896).

683 3620 972 3706 Signiam
1037 3618 1264 3683 urbem
1319 3619 1471 3684 olim
1530 3618 1751 3685 sedem
1806 3620 1999 3684 fuisse
2046 3620 2308 3683 illustris
2354 3618 2679 3684 Comitum
2726 3619 3044 3700 familiae,
3104 3640 3187 3683 ex
3233 3640 3359 3703 qua

469 3725 880 3790 Innocentius
932 3721 1069 3807 111,
1139 3721 1491 3808 Gregorius
1546 3722 1645 3786 IX
1713 3729 1778 3786 et
1842 3722 2219 3788 Alexander
2264 3722 2359 3786 lV
2426 3725 2549 3788 orti
2618 3728 2795 3806 sunt,
2866 3725 3021 3787 satis
3088 3730 3357 3788 constat.

467 3828 822 3894 Praetereo
869 3832 1088 3892 tamen
1119 3828 1622 3892 controversiam
1667 3828 1822 3891 satis
1853 3826 2183 3891 difficilem
2230 3826 2310 3891 de
2344 3849 2565 3892 eorum
2597 3827 3003 3913 genealogia.
3078 3827 3356 3909 Bullam,

470 3954 636 4019 quae
682 3932 1004 4017 sequitur,
1064 3931 1146 3996 ab
1198 3931 1472 3996 Alfonso
1521 3930 1902 4008 Ceccarelli,
1960 3931 2311 4015 impostore
2367 3930 2477 3995 illo
2523 3931 2971 4014 famosissimo,
3018 3931 3354 3996 confictam

471 4058 610 4102 esse
643 4036 886 4100 auxilio
917 4035 1248 4100 cuiusdam
1280 4036 1599 4120 privilegii
1631 4036 1912 4119 genuini,
1945 4034 2135 4098 facile
2169 4034 2507 4110 evincitur;
2554 4034 2633 4098 cf.
2665 4034 2746 4098 A.
2779 4033 2972 4119 Riegl
3005 4035 3071 4098 in
3099 4025 3354 4100 Mitteil.

469 4141 585 4206 des
632 4146 854 4206 osterr.
901 4139 1194 4204 Instituts
1239 4138 1367 4203 XV
1413 4137 1637 4223 (1894)
1687 4142 1810 4202 210
1837 4159 1932 4223 sq.

678 4293 725 4349 0
778 4317 842 4340 ---
881 4295 946 4349 Α.
974 4291 1278 4350 Ceccarelli
1315 4293 1395 4347 La
1429 4291 1782 4349 serenissima
1805 4291 2027 4347 nobilta
2062 4291 2193 4347 dell'
2230 4291 2382 4346 alma
2406 4289 2550 4347 citta
2585 4290 2644 4345 di
2672 4290 2848 4346 Roma
2870 4294 2979 4347 vol.
3007 4292 3103 4357 ΙΙΙ,
3141 4311 3182 4347 s.
3208 4290 3357 4357 XVI,

882 4380 1001 4436 cod.
1029 4379 1158 4435 Vat.
1196 4380 1295 4435 lat.
1330 4380 1492 4444 4911;
1534 4379 1603 4434 cf.
1639 4378 1793 4434 Gott.
1831 4378 2037 4435 Nachr.
2079 4379 2213 4434 1903
2249 4396 2303 4448 p.
2335 4380 2414 4433 10.

469 4490 554 4568 †1
2571 4483 2821 4548 Velletri
2864 4484 3269 4566 (1182--83)

468 4592 759 4657 Lucius
802 4589 907 4654 III
966 4589 1284 4675 Gregorio
1341 4589 1421 4654 de
1476 4589 1864 4672 comitibus,
1912 4590 2130 4653 comiti
2178 4588 2515 4674 Anagniae
2563 4593 2630 4653 et
2675 4587 2935 4673 Signiae
2981 4589 3045 4652 in
3090 4589 3354 4673 regione

468 4694 929 4761 Hernicorum:
995 4695 1330 4759 confirmat
1375 4695 1669 4759 civitates
1724 4700 1788 4758 et
1833 4699 2044 4757 castra
2091 4694 2468 4758 exsistentia
2513 4694 2575 4756 in
2620 4691 3047 4757 Hernicorum
3093 4693 3355 4777 regione

470 4798 896 4883 Campaniae,
961 4804 1028 4862 et
1080 4804 1257 4863 creat
1311 4819 1457 4863 eum
1516 4799 1781 4882 eiusque
1838 4816 2239 4861 successores
2297 4796 2531 4860 heroes
2590 4801 2654 4860 et
2710 4798 2962 4882 equites
3005 4795 3356 4860 catholicos

469 4901 533 4965 S.
565 4901 646 4966 R.
677 4899 754 4965 E.
804 4908 869 4966 et
912 4902 1180 4966 comites
1225 4903 1388 4966 sacri
1431 4902 1818 4986 patrimonii.
1869 4939 1946 4945 ——
1996 4900 2314 4974 Quoniam
2360 4906 2765 4964 sacrosancta
2808 4899 3123 4965 Romana.
3212 4898 3354 4983 Ego

467 5004 705 5069 Lucius
736 5010 857 5069 etc.
933 5003 1186 5071 Subscr.
1236 5010 1309 5070 17
1350 5006 1522 5071 card.
1600 5005 1750 5070 Dat.
1783 5004 2052 5069 Velletr.
2099 5025 2160 5088 p.
2195 5024 2278 5067 m.
2326 5004 2578 5069 Alberti
2612 5003 2675 5068 S.
2708 5004 2787 5069 R.
2821 5003 2895 5069 E.
2935 5004 3146 5089 presb.
3180 5001 3352 5068 card.

470 5114 536 5172 et
581 5127 779 5191 canc.,
825 5128 883 5173 a.
930 5107 1012 5172 D.
1064 5111 1227 5173 1182
1276 5116 1341 5173 et
1383 5116 1559 5195 pont.
1608 5130 1668 5173 a.
1695 5112 1752 5172 2.

680 5215 726 5271 G
752 5217 797 5283 f.
824 5224 930 5273 137.
968 5246 1034 5257 —
1071 5217 1182 5272 Ed.
1222 5217 1362 5274 Gott.
1401 5218 1605 5273 Nackr.
1644 5225 1775 5273 1903
1802 5226 1948 5285 1241
1982 5235 2039 5271 n.
2068 5225 2103 5271 8
2139 5232 2203 5269 ex
2246 5217 2298 5270 G.
2340 5246 2399 5255 —-
2445 5216 2573 5285 Req.
2611 5216 2726 5270 JL.
2765 5248 2847 5272 --.

847 5311 1188 5385 Spurium.
