4055 6069
1256 1401 2606 1521 PALESTRINA

1676 1582 2178 1668 (Praeneste)

699 1876 979 1951 Ughelli
1020 1881 1037 1913 ¹
1062 1878 1090 1933 1
1124 1876 1227 1932 219
1252 1895 1357 1947 sq.;
1397 1879 1419 1911 ⁸
1445 1875 1471 1929 I
1500 1874 1594 1929 191
1617 1891 1697 1942 sq.
1722 1904 1789 1914 —
1814 1873 1857 1929 I.
1881 1873 1955 1928 M.
1980 1872 2062 1928 Su
2074 1891 2224 1929 arez
2260 1874 2589 1931 Praenestes
2624 1875 2892 1945 antiquae
2917 1875 3049 1932 libri
3084 1877 3118 1931 2
3142 1878 3374 1946 (Romae

493 1966 667 2037 1655).
692 1996 759 2006 —
783 1965 1049 2020 Pennaz
1062 1981 1133 2019 za
1158 1962 1438 2018 Historiae
1465 1959 1860 2016 Praenestinae
1883 1958 2016 2014 libri
2043 1961 2092 2026 6,
2117 1959 2350 2026 s.XV11‚
2377 1960 2636 2017 cod.Vat.
2660 1961 2822 2016 Barb.
2839 1963 2978 2018 2697
3011 1963 3271 2031 (XXXIV
3292 1968 3374 2030 14,

490 2052 626 2107 olim
662 2051 828 2115 3622;
867 2051 937 2106 cf.
971 2050 1042 2105 Η.
1069 2050 1276 2105 Dessau
1313 2049 1371 2103 in
1409 2047 1536 2103 (21.
1561 2046 1622 2103 L.
1646 2046 1778 2101 XIV
1814 2046 1955 2114 293).
2007 2076 2072 2086 —
2127 2045 2376 2102 Piazza
2419 2046 2724 2104 Gerarchia
2768 2048 2915 2103 card.
2964 2068 3020 2120 p.
3054 2050 3157 2105 213
3189 2069 3271 2120 sq.
3308 2083 3376 2092 —

493 2139 552 2195 L.
579 2138 867 2194 Cecconi
910 2136 1094 2194 Storia
1138 2136 1197 2191 di
1233 2134 1549 2191 Palestrina
1595 2133 1739 2189 citta
1788 2132 1878 2189 del
1923 2131 2107 2202 priseo
2143 2132 2310 2189 Lazio
2347 2134 2432 2201 (In
2470 2133 2658 2190 Ascoli
2693 2135 2865 2205 1756).
2911 2165 2975 2176 -
3016 2138 3081 2191 Α.
3105 2135 3374 2193 Petrini

492 2225 563 2280 Di
599 2226 651 2281 S.
677 2224 927 2297 Agapito
964 2222 1308 2288 Prenestino‚
1346 2222 1497 2277 della
1532 2220 1769 2275 basilica
1805 2237 1840 2275 a
1875 2219 1957 2273 lui
1993 2223 2178 2277 eretta
2212 2237 2247 2275 a
2283 2220 2602 2276 Palestrina
2637 2238 2668 2276 e
2704 2221 2852 2278 delle
2886 2240 2984 2278 sue
3019 2223 3257 2292 reliquie
3293 2223 3374 2277 ivi

493 2315 757 2368 venerate
795 2313 884 2379 (In
908 2310 1087 2367 Roma
1112 2311 1280 2379 1793).
1318 2339 1385 2349 -
1422 2308 1483 2363 P.
1510 2306 1782 2363 Petrini
1818 2305 2084 2362 Memoris
2113 2307 2434 2364 Prenestine
2458 2308 2544 2375 (In
2569 2307 2747 2363 Roma
2772 2309 2946 2376 1795).
2971 2339 3038 2349 -
3062 2310 3376 2366 Marocco

491 2396 838 2453 Monumenti
864 2396 997 2452 VIII
1036 2397 1166 2465 Vsq.
1210 2426 1282 2463 ‚·-
1326 2394 1556 2464 Nibby
1601 2391 1818 2448 Aualisi
1857 2397 1879 2428 ²
1906 2392 1958 2447 II
1983 2393 2087 2448 475
2105 2411 2186 2462 sq.
2223 2424 2289 2434 —-
2326 2393 2586 2449 Moroni
2631 2393 2945 2449 Dizionario
2988 2396 3059 2450 LI
3103 2397 3171 2451 26
3190 2415 3271 2466 sq.
3305 2428 3377 2437 —

494 2483 931 2555 Cappelletti
966 2482 1120 2538 1593
1138 2501 1220 2552 sq.
1246 2512 1311 2523 —
1350 2480 1662 2552 Arcangelo
1699 2478 2211 2551 Scognamiglio
2249 2480 2411 2535 Della
2447 2480 2737 2550 primitiva
2762 2480 2998 2536 basilica
3033 2482 3124 2538 del
3147 2482 3375 2539 martire

492 2573 542 2626 8.
569 2571 819 2642 Agapito
854 2570 1053 2639 (Roma
1089 2570 1262 2637 1865).
1299 2599 1365 2608 —
1405 2568 1468 2622 Ο.
1494 2566 1847 2622 Marucchi
1888 2565 2116 2622 Notizie
2150 2566 2236 2621 sul
2272 2566 2500 2622 martire
2526 2566 2578 2622 S.
2606 2567 2853 2637 Agapito
2889 2566 3087 2634 (Roma
3114 2568 3281 2636 1874).
3311 2598 3375 2609 —-

491 2656 817 2713 Emmanuel
854 2656 1187 2726 Fernique
1232 2642 1414 2710 Etude
1465 2672 1558 2708 sur
1594 2653 1880 2718 Preneste‚
1924 2652 2059 2707 ville
2104 2652 2177 2708 du
2215 2653 2436 2708 Latium
2483 2653 2568 2710 iu:
2615 2653 3013 2723 Bibliotheque
3064 2654 3159 2709 des
3195 2654 3376 2710 ecoles

492 2744 795 2800 d'Athenes
847 2746 906 2799 et
951 2744 1019 2799 de
1062 2742 1234 2798 Rome
1279 2740 1457 2812 (Paris
1495 2740 1668 2811 1880).
1722 2770 1789 2780 -
1834 2738 1896 2794 Ο.
1924 2738 2275 2795 Marucchi
2321 2739 2507 2795 Guida
2553 2740 2945 2812 archeologica
2997 2739 3128 2796 dell·
3182 2739 3377 2795 antica

493 2832 753 2887 Preneste
790 2830 989 2901 (Roma
1026 2829 1199 2901 1885).

1409 3017 1881 3103 Episcopatus
1923 3017 2463 3087 Praenestinus.

711 3179 914 3246 Sedes
976 3180 1359 3265 episcopalis
1432 3178 1853 3243 Praenestina
1928 3176 2096 3241 inter
2174 3178 2567 3263 antiquiores
2643 3178 3036 3244 recensenda
3111 3180 3375 3265 eiusque

497 3285 772 3349 civitatis
826 3284 1165 3368 episcopus
1208 3304 1369 3347 unus
1432 3289 1532 3347 est
1590 3302 1626 3346 e
1680 3287 1930 3365 septem
1976 3283 2342 3366 purpuratis
2388 3283 2734 3367 episcopis,
2790 3283 2899 3367 qui
2960 3281 3376 3348 suburbicarii

496 3388 919 3473 appellantur.
1006 3386 1340 3453 Ecclesiae
1388 3384 1773 3451 cathedralis
1804 3407 1852 3450 s.
1883 3385 2172 3470 Agapiti,
2218 3384 2327 3450 ubi
2372 3384 2559 3452 sedes
2589 3388 2917 3471 episcopii,
2963 3389 3204 3451 mentio
3248 3389 3376 3452 iam

496 3493 569 3556 fit
613 3494 676 3557 in
720 3491 874 3557 Vita
928 3492 1168 3557 Leonis
1212 3491 1345 3575 ΠΙ,
1416 3491 1525 3575 qui
1588 3511 1733 3555 eam
1802 3496 1869 3554 et
1922 3488 2168 3554 dotavit
2234 3495 2301 3554 et
2351 3491 2728 3554 instauravit
2785 3489 2953 3575 (Lib.
3001 3491 3227 3575 pontif.
3275 3490 3377 3555 ed.

495 3595 838 3661 Duchesne
885 3595 957 3659 Π
1010 3598 1105 3660 12.
1154 3596 1304 3681 29);
1373 3593 1708 3660 dedicatur
1774 3615 1832 3658 a.
1872 3597 2032 3657 1117
2104 3615 2142 3657 a
2207 3592 2525 3659 Paschale
2571 3593 2641 3657 Π
2695 3592 2782 3678 (n.
2828 3592 2914 3678 2).
3026 3593 3379 3659 Praeterea

496 3699 830 3764 basilicam
897 3722 946 3763 s.
980 3697 1352 3783 Secundini,
1388 3699 1697 3782 ,positam
1765 3699 1832 3762 in
1886 3697 2298 3781 Penestrina,
2368 3697 2450 3762 ab
2506 3697 2841 3763 Hadriano
2903 3697 2938 3761 I
3004 3704 3379 3762 renovatam

495 3803 770 3889 legimus
826 3803 892 3867 in
936 3803 1133 3868 Libro
1187 3801 1539 3887 pontificali
1598 3800 1729 3886 (ed.
1775 3800 2121 3867 Duchesne
2167 3800 2200 3864 I
2247 3800 2421 3886 510).
2511 3800 3004 3867 Dedicationem
3048 3801 3379 3866 cuiusdam

497 3906 721 3991 templi
766 3928 805 3970 a
849 3905 1136 3971 Iucundo
1194 3927 1332 3990 ep.,
1387 3912 1728 3990 praeterea
1779 3905 2029 3989 ignote,
2087 3903 2482 3970 celebratam
2535 3911 2997 3971 commemorat
3049 3906 3377 3990 inscriptio

496 4009 671 4095 (edd.
720 4009 1199 4094 Scognamiglio
1254 4030 1322 4092 p.
1362 4014 1470 4085 10;
1524 4007 1855 4073 Marucchi
1913 4005 2128 4072 Guida
2178 4029 2241 4092 p.
2291 4012 2439 4084 150;
2500 4009 2753 4074 Dessau
2807 4010 2872 4073 in
2918 4008 2990 4074 O.
3021 4009 3075 4075 I.
3106 4011 3182 4074 L.
3214 4009 3380 4074 XIV

499 4116 622 4180 348
668 4136 728 4178 n.
765 4111 981 4199 3415).
1091 4112 1261 4179 Urbs
1314 4113 1529 4177 floruit
1581 4133 1783 4197 usque
1848 4111 1930 4177 ad
1988 4134 2047 4178 a.
2097 4115 2289 4197 1298,
2358 4113 2613 4198 quando
2679 4114 3040 4179 Bonifatius
3081 4113 3252 4180 VIII
3313 4114 3380 4177 in

500 4220 813 4282 acerrimo
861 4217 971 4282 illo
1003 4217 1176 4282 bello
1209 4223 1430 4283 contra
1460 4216 1968 4302 Columpnenses
2012 4240 2158 4283 eam
2189 4217 2472 4283 funditus
2504 4220 2734 4285 evertit
2778 4225 2845 4284 et
2887 4220 3024 4283 solo
3057 4219 3378 4304 aequavit,

499 4320 854 4387 cathedrali
900 4344 948 4386 s.
980 4321 1248 4406 Agapiti
1294 4322 1607 4388 ecclesiae
1651 4322 1760 4385 uni
1798 4342 2087 4407 parcens.
2156 4322 2307 4407 Ipse
2347 4331 2562 4389 autem
2604 4325 2897 4409 sequenti
2935 4344 3101 4388 anno
3147 4343 3379 4388 novam

497 4425 721 4491 urbem
768 4425 1079 4510 condidit,
1136 4427 1237 4490 cui
1291 4425 1533 4491 Civitas
1585 4426 1837 4511 papalis
1887 4447 2125 4492 nomen
2179 4426 2360 4492 dedit
2414 4448 2622 4512 eoque
2677 4427 3110 4512 episcopalem
3155 4426 3377 4493 sedem

497 4531 838 4596 transtulit.

711 4704 819 4768 An
862 4704 927 4767 in
972 4703 1403 4769 destructione
1458 4703 1569 4768 illa
1621 4703 1879 4770 archiva
1925 4703 2265 4789 deperdita
2309 4706 2434 4769 sint
2477 4706 2821 4789 nescimus,
2877 4702 2991 4769 sed
3044 4703 3378 4789 probabile

498 4807 758 4892 quidem
802 4805 1074 4872 videtur.
1164 4805 1357 4872 Certe
1402 4806 1551 4871 inde
1599 4805 1680 4872 ab
1728 4829 1784 4872 a.
1839 4811 1998 4873 1597
2062 4806 2321 4872 archiva
2379 4806 2840 4893 desiderantur,
2897 4815 3088 4894 prout
3132 4814 3380 4873 constat

499 4932 583 4975 ex
627 4911 1087 4976 Praenestinae
1133 4911 1445 4977 ecclesiae
1492 4916 1696 4975 status
1738 4912 2050 4977 relatione
2097 4909 2339 4996 (Roma
2381 4912 2578 4977 Arch.
2609 4913 2759 4977 Vat.
2804 4913 2984 4977 Misc.
3029 4913 3208 4977 Arm.
3245 4911 3380 4978 VII

496 5021 541 5079 t.
581 5018 690 5092 18;
738 5015 818 5081 cf.
866 5014 1041 5080 Gett.
1087 5014 1324 5080 Nachr.
1377 5020 1540 5081 1900
1584 5039 1648 5101 p.
1684 5014 1864 5102 385):
1916 5015 2305 5099 „Archivum
2351 5017 2718 5102 episcopale
2763 5038 2890 5081 non
2934 5015 3226 5098 habetur,
3270 5017 3380 5079 vix

497 5140 625 5183 una
693 5140 888 5204 capsa
953 5140 1365 5204 processuum
1424 5127 1491 5185 et
1544 5127 1831 5186 actorum
1891 5119 2286 5184 diversorum
2348 5142 2461 5186 seu
2504 5121 2788 5185 filsarum
2842 5126 2909 5186 et
2960 5142 3122 5184 unus
3172 5118 3379 5184 codex

497 5224 734 5310 regesti
781 5223 1194 5289 collationum
1240 5231 1306 5289 et
1360 5225 1679 5311 quaedam
1709 5225 2107 5290 visitationes
2152 5223 2473 5289 ordinaria
2518 5232 2585 5290 et
2614 5225 2968 5311 apostolica
2999 5224 3378 5291 auctoritate
