4055 6069
982 441 1199 498 Civitas
1236 442 1531 499 Privernas
1568 475 1632 484 —
1669 444 1815 499 Mon.
1853 462 1893 498 s.
1921 443 2196 515 Stephani
2232 445 2301 501 de
2338 446 2506 501 Fossa
2540 464 2702 501 nova.
3168 456 3285 517 125

403 638 530 701 qua
575 619 712 681 Leo
761 625 827 680 et
870 617 1158 701 Ildicius,
1216 618 1328 682 filii
1374 619 1726 684 Crescentii
1777 618 1982 700 ducis,
2040 621 2332 685 consules
2375 621 2837 707 Pipernenses,
2886 632 2952 689 et
2994 626 3287 709 Amatus,

403 721 621 785 Amati
664 721 862 805 filius,
925 723 1321 806 temporibus
1367 722 1672 787 Iohannis
1718 723 1910 805 XIX,
1960 725 2188 788 Amico
2237 725 2457 789 abbati
2502 749 2549 789 s.
2585 726 2935 792 Salvatoris
2980 730 3288 795 ecclesias

399 848 447 887 s.
482 824 703 889 Crucis
758 834 824 889 et
884 849 932 890 s.
975 827 1227 890 Nicolai
1286 827 1407 909 „ad
1463 828 1917 892 monasterium
1977 828 2341 893 faciendum
2398 831 2461 893 in
2520 831 2660 893 loco
2710 854 2770 916 q.
2818 855 2876 895 n.
2931 833 3280 899 Meletum“

399 928 675 994 offerunt
719 929 894 1014 (edd.
943 931 1204 1013 Ughelli
1257 931 1344 992 1Ι
1391 931 1600 997 *198ς
1664 930 1753 993 21
1812 936 2000 1008 1281ς
2049 933 2239 996 Valle
2299 935 2397 997 La
2459 935 2611 998 citta
2664 956 2830 999 nova
2885 936 2948 999 di
3003 938 3283 1022 Piperno

398 1055 459 1116 p.
501 1039 649 1107 105;
698 1034 774 1098 G.
808 1035 1183 1099 Paccasassi
1215 1035 1619 1119 Monografia
1649 1035 1711 1097 di
1744 1035 2115 1100 Fossanova
2144 1058 2206 1120 p.
2242 1040 2356 1111 24:
2404 1037 2643 1103 Sindici
2675 1040 2967 1104 Ceccano
3000 1064 3060 1125 p.
3103 1045 3283 1128 125);

398 1138 669 1202 alterum
731 1138 1088 1203 Alexandri
1137 1138 1241 1201 III
1309 1139 1744 1224 privilegium,
1815 1139 1987 1223 quod
2056 1140 2320 1205 inferius
2388 1144 2675 1227 sequitur
2732 1144 2819 1226 (n.
2867 1145 2958 1228 1);
3027 1148 3282 1211 tertium

397 1240 671 1305 Honorii
718 1241 819 1305 III
866 1241 1040 1306 bulla
1086 1263 1142 1305 a.
1183 1245 1346 1306 1224
1407 1242 1536 1307 feb.
1570 1247 1650 1306 20
1706 1244 1796 1326 (in
1853 1245 2126 1328 regestis
2180 1244 2454 1309 Honorii
2502 1246 2606 1310 III
2669 1269 2727 1311 a.
2761 1248 2926 1312 VIII
2979 1272 3078 1335 ep.
3125 1254 3283 1325 2so;

397 1346 476 1409 cf.
526 1346 839 1411 Pressutti
884 1346 1049 1431 Reg.
1097 1346 1368 1411 Honorii
1415 1346 1514 1410 II]
1565 1355 1608 1409 t.
1644 1347 1711 1410 II
1757 1338 1895 1410 212
1929 1370 1988 1411 n.
2024 1349 2245 1432 4790),
2303 1351 2363 1412 in
2413 1372 2537 1435 quo
2587 1350 2757 1415 bona
2800 1356 3157 1437 spectantia
3201 1355 3285 1419 ad

402 1452 897 1531 „monasterium
964 1474 1012 1515 s.
1060 1449 1410 1515 Salvatoris
1474 1451 1552 1514 de
1622 1450 1882 1535 Mileto,
1959 1451 2281 1537 quondam
2353 1454 2810 1520 monachorum
2876 1457 3282 1523 Terracinen.

398 1554 622 1638 dioec,
670 1576 805 1638 pos.
855 1556 919 1618 in
951 1556 1268 1619 territorio
1298 1555 1553 1619 Roccae
1588 1555 1830 1638 Siccae,
1880 1556 2052 1642 quod
2094 1563 2358 1641 propter
2387 1558 2772 1644 multiplices
2818 1562 2955 1624 eius
2986 1562 3201 1647 lapsus
3245 1585 3284 1627 a

395 1658 828 1723 saecularibus
873 1660 1120 1723 clericis
1169 1658 1567 1742 tenebatur“,
1615 1661 1849 1744 partim
1895 1682 2155 1725 mensae
2217 1663 2569 1748 episcopali
2614 1685 2688 1728 ac
2736 1666 3015 1749 capitulo
3050 1665 3281 1731 Terra-

397 1764 606 1847 cinae,
667 1765 901 1847 partim
958 1765 1347 1828 monasterio
1405 1764 1484 1828 de
1545 1765 1853 1828 Auricula
1909 1766 2307 1829 confirmavit
2362 1767 2469 1851 (cf.
2521 1768 2717 1831 etiam
2772 1769 2981 1833 Lubin
3026 1792 3087 1854 p.
3124 1773 3280 1845 214;

396 1866 474 1929 G.
508 1867 894 1931 Tomassetti
939 1870 1264 1932 Amaseno
1313 1890 1347 1931 e
1396 1868 1456 1931 la
1503 1867 1694 1931 badia
1740 1866 1889 1932 dell·
1918 1869 2221 1933 Auricola
2270 1869 2509 1952 (Roma
2562 1871 2773 1956 1898).

611 2040 753 2104 Una
820 2041 1177 2106 Alexandri
1227 2042 1329 2105 III
1389 2042 1563 2106 bulla
1630 2043 1693 2104 in
1757 2043 2014 2106 archivo
2075 2046 2261 2107 castri
2321 2067 2370 2106 s.
2406 2045 2639 2128 Angeli
2693 2048 2820 2110 iam
2890 2047 3282 2132 temporibus

396 2143 538 2207 Iulii
586 2144 654 2207 II
701 2145 1197 2229 custodiebatur,
1246 2146 1353 2209 ubi
1400 2145 1608 2209 adhuc
1655 2154 1769 2209 est.

601 2300 652 2352 A
701 2322 763 2344 =
803 2299 955 2369 Orig.
995 2301 1170 2355 Roma
1207 2300 1369 2354 Arch.
1399 2299 1526 2355 Vat.
1569 2304 1713 2354 Arm.
1742 2300 1818 2353 XI
1856 2318 1900 2354 c.
1929 2300 2001 2353 IX
2043 2319 2095 2354 n.
2123 2303 2172 2357 6.

395 2406 433 2464 1
2422 2407 2687 2491 Anaqni
2732 2410 2897 2473 1175
2940 2431 3077 2477 nov.
3112 2411 3194 2475 15

393 2507 855 2574 Alexander
898 2510 1003 2574 111
1049 2510 1391 2576 Leonardo
1439 2511 1658 2576 abbati
1705 2520 1854 2576 etc.:
1916 2513 2375 2576 monasterium
2437 2535 2485 2576 s.
2522 2512 2874 2578 Salvatoris
2928 2514 3008 2579 de
3053 2514 3278 2580 Mileto

393 2610 510 2676 sub
567 2620 771 2697 apost.
829 2616 1228 2699 protectione
1287 2616 1550 2700 suscipit
1605 2622 1671 2679 et
1723 2616 2162 2698 possessiones
2223 2617 2498 2700 propriis
2557 2637 2896 2703 expressas
2954 2617 3281 2683 vocabulis

393 2717 745 2781 confirmat.
815 2758 897 2764 —
963 2717 1177 2783 Officii
1235 2720 1435 2784 nostri
1498 2720 1805 2803 congruit.
1910 2718 2052 2804 Ego
2101 2718 2474 2784 AJexander
2520 2725 2640 2784 etc.
2690 2719 2943 2785 Subscr.
2997 2725 3072 2785 12
3106 2722 3278 2787 card.

393 2821 539 2885 Dat.
587 2822 926 2907 Anagniae
974 2844 1034 2906 p.
1072 2844 1157 2887 m.
1206 2822 1496 2887 Gratiani
1545 2822 1608 2886 S.
1652 2822 1733 2887 R.
1784 2823 1858 2887 E.
1907 2822 2191 2888 subdiac.
2241 2830 2307 2888 et
2351 2830 2512 2899 not„
2568 2829 2640 2888 17
2667 2823 2797 2888 kal.
2848 2824 3007 2908 dec.,
3054 2825 3181 2889 ind.
3217 2829 3276 2907 9,

393 2926 513 2988 inc.
563 2924 623 2988 d.
671 2947 727 2989 a.
769 2931 950 3008 1175,
998 2933 1171 3010 pont.
1218 2948 1276 2990 v.
1326 2926 1385 2990 d.
1431 2927 1790 2991 Alexandri
1836 2949 1943 3011 pp.
1991 2927 2096 2990 III
2142 2949 2199 2991 a.
2241 2932 2335 2992 17.

599 3038 667 3092 A.
706 3070 772 3078 -
812 3036 918 3092 Ed.
960 3037 1099 3093 Gott.
1137 3038 1336 3092 Nachr.
1384 3046 1510 3092 1900
1537 3055 1594 3106 p.
1625 3046 1718 3093 179
1753 3056 1808 3093 n.
1835 3046 1901 3092 27
1932 3055 1996 3092 cx
2033 3040 2100 3093 A.
2140 3070 2205 3078 -
2248 3039 2378 3108 Rey.
2417 3040 2523 3094 JL.
2563 3047 2777 3095 12521a.

1011 3315 1523 3383 nonasterium
1573 3333 1632 3382 s.
1665 3314 2009 3400 Stephani
2057 3316 2142 3383 de
2189 3315 2412 3384 Fossa
2457 3333 2658 3384 nova.

598 3460 659 3515 Τ.
683 3460 875 3518 Valle
913 3462 993 3516 La
1029 3461 1173 3517 citta
1207 3479 1355 3517 nova
1389 3461 1447 3517 di
1500 3461 1742 3533 Piperno
1794 3462 1912 3524 (lib.
1940 3463 1992 3516 11
2032 3481 2078 3518 c.
2106 3462 2207 3532 Xl)
2254 3481 2310 3533 p.
2340 3462 2438 3517 103
2458 3481 2539 3532 sq.
2597 3494 2661 3502 -
2716 3460 2934 3517 Lubin
2972 3480 3027 3532 p.
3056 3463 3172 3518 147.
3212 3493 3276 3502 -

390 3546 444 3599 Μ
457 3547 614 3602 anni
652 3547 1038 3604 Osservazioni
1073 3548 1226 3605 istor.
1263 3567 1430 3620 sopra
1466 3549 1688 3621 isigilli
1726 3548 1941 3605 antichi
1970 3549 2046 3603 VI
2082 3549 2166 3617 (In
2202 3548 2428 3605 Firenze
2468 3550 2622 3618 1741)
2651 3549 2748 3603 119
2768 3565 2850 3616 sq.
2879 3577 2940 3588 -
2968 3548 3278 3603 Marocco

391 3634 735 3691 Monumenti
789 3634 866 3689 IV
909 3636 1006 3691 188
1028 3655 1107 3706 sq.
1156 3667 1220 3676 —
1276 3635 1464 3691 Giulio
1509 3636 1763 3691 Paccas
1779 3654 1849 3690 as
1865 3636 1921 3690 si
1959 3636 2307 3708 Monografia
2350 3635 2439 3690 del
2494 3638 2850 3690 monumento
2894 3633 3185 3690 nazionalc
3220 3634 3280 3688 di

395 3721 561 3777 Fossa
597 3738 742 3777 nova
778 3739 966 3792 presso
1004 3723 1245 3793 Piperno
1293 3722 1508 3789 (Fermo
1563 3723 1735 3790 1882).
1783 3753 1838 3761 -—
1891 3723 1926 3776 J
1935 3723 2321 3778 anauschek
2358 3722 2509 3792 Orig.
2552 3721 2780 3778 Cisterc.
2818 3740 2873 3791 p.
2900 3720 2968 3776 37
3006 3739 3060 3775 n.
3086 3721 3170 3776 90.
3214 3751 3278 3762 —-

389 3806 450 3862 P.
478 3807 661 3864 Kehr
705 3808 838 3864 Otia
874 3810 1241 3880 diplomatica
1277 3810 1366 3864 in:
1406 3810 1559 3865 Gctt..
1595 3809 1803 3864 Nachr.
1847 3811 1977 3866 1903
2013 3829 2068 3880 p.
2095 3808 2198 3864 273
2217 3828 2297 3877 sq.

608 3968 711 4032 Oh
756 3969 999 4033 utinam
1028 3989 1182 4033 vera
1213 3968 1585 4032 monasterii
1615 3968 1856 4032 Fossae
1887 3989 2093 4032 novae
2140 3967 2408 4032 historia
2453 3965 2798 4031 scribatur!
2877 3966 3057 4040 Quae
3105 3966 3274 4029 enim

392 4070 472 4134 de
518 4092 597 4136 eo
646 4080 941 4138 auctores
986 4072 1347 4157 proferunt,
1409 4072 1624 4136 multis
1671 4071 2034 4136 redundant
2078 4071 2417 4136 erroribus.
2508 4069 2669 4135 Sunt
2715 4072 2821 4155 qui
2868 4068 3277 4150 contendant,

392 4176 847 4240 monasterium
894 4176 1017 4240 hoc
1064 4176 1146 4241 ab
1192 4178 1332 4261 ipso
1379 4199 1428 4239 a.
1461 4174 1815 4240 Benedicta
1863 4175 2189 4240 conditum
2235 4175 2431 4240 fuisse
2479 4182 2545 4239 et
2590 4174 2705 4239 sub
2752 4174 3006 4239 nomine
3052 4196 3101 4240 s.
3134 4172 3274 4238 Sal-

388 4282 625 4345 vatoris
693 4280 773 4344 de
837 4280 1061 4345 Mileto
1119 4281 1406 4345 floruisse
1473 4301 1675 4364 usque
1732 4280 1817 4343 ad
1887 4279 2243 4344 Innocentii
2302 4279 2372 4342 Π
2440 4286 2761 4364 tempora,
2831 4280 2939 4363 qui
3005 4299 3065 4342 a.
3113 4283 3275 4344 1135

388 4385 865 4457 monasterium,
912 4385 1187 4469 primum
1220 4383 1337 4448 sub
1370 4384 1626 4448 nomine
1659 4405 1707 4446 s.
1739 4382 2209 4465 Pudentianae,
2255 4390 2482 4467 postea
2514 4381 2629 4446 sub
2661 4382 2917 4446 nomine
2950 4404 2997 4444 s.
3030 4381 3275 4447 Mariae

390 4485 469 4550 de
502 4486 705 4551 Fossa
736 4508 921 4570 nova,
953 4487 1484 4553 Cisterciensibus
1516 4474 1872 4552 tradiderit.
1928 4487 2061 4550 Alii
2094 4488 2437 4570 affirmant,
2469 4488 2925 4552 monasterium
2958 4509 3007 4551 s.
3031 4485 3276 4550 Mariae

388 4589 468 4654 de
514 4590 718 4655 Fossa
761 4612 927 4656 nova
973 4614 1011 4656 a
1055 4592 1384 4656 Friderico
1419 4591 1452 4654 I
1499 4598 1609 4656 aut
1653 4591 2007 4655 institutum
2056 4599 2168 4656 aut
2210 4597 2584 4656 renovatum
2632 4591 2847 4655 fuisse.

631 4693 760 4759 Sed
806 4697 1178 4761 monasterii
1233 4718 1280 4759 s.
1324 4694 1675 4760 Salvatoris
1732 4695 1812 4759 de
1868 4695 2094 4760 Mileto
2157 4694 2491 4759 historiam
2554 4713 2943 4779 quamquam
2996 4692 3278 4758 breviter

386 4820 501 4884 pro
549 4799 1074 4864 documentorum
1110 4801 1462 4886 exiguitate
1510 4801 1640 4863 iam
1681 4800 1969 4884 exposui.
2063 4798 2409 4863 Conditum
2454 4820 2510 4862 a.
2552 4801 2736 4880 1027,
2780 4797 2995 4860 floruit
3024 4817 3081 4860 a.
3115 4801 3276 4860 1175

386 4902 502 4967 sub
571 4903 913 4968 Leonardo
982 4903 1250 4987 abbate,
1322 4902 1621 4968 exstabat
1688 4903 1900 4967 adhuc
1967 4922 2135 4968 saec.
2184 4902 2355 4966 XIII
2412 4904 2526 4986 in.,
2597 4902 2764 4966 unde
2827 4900 3089 4986 planum
3159 4907 3276 4983 est,

384 5030 434 5070 s.
468 5006 818 5072 Salvatoris
864 5008 1123 5072 minime
1169 5007 1340 5071 idem
1399 5007 1592 5072 fuisse
1654 5028 1728 5071 ac
1774 5007 2236 5071 monasterium
2290 5006 2370 5071 de
2416 5006 2618 5071 Fossa
2663 5027 2846 5071 nova.
2938 5004 3144 5067 Immo
3193 5024 3276 5067 ex

385 5112 539 5195 ipsis
604 5111 1005 5175 documentis
1070 5110 1404 5194 discimuS,
1476 5112 1602 5174 iam
1671 5131 1839 5175 saec.
1900 5109 2004 5173 XI
2066 5110 2308 5174 Fossae
2363 5131 2569 5176 novae
2632 5108 3089 5173 monasterium
3157 5106 3273 5170 sub

385 5241 434 5279 s.
477 5215 785 5300 Stephani
849 5220 1095 5278 tantum
1158 5215 1342 5279 titulo
1401 5216 1681 5299 viguisse
1743 5212 1853 5299 (cf.
1903 5214 2163 5278 Iordani
2217 5214 2507 5300 Capuani
2563 5215 2866 5300 principis
2923 5211 3274 5278 iudicatum
