4055 6069
1048 431 1422 513 Episcopatus
1457 428 1770 510 Nepesinus
1808 464 1871 481 ³-
1908 439 2056 496 Mon.
2093 460 2133 496 s,
2161 441 2374 498 Mariae
2411 445 2471 498 et
2505 460 2548 498 s.
2574 428 2767 498 Blasii.
3230 426 3348 510 1³77

462 619 697 683 veniat.
770 617 902 684 Eos
947 617 1233 701 clericos,
1281 636 1442 701 quos
1486 615 1794 681 adversus
1840 616 2180 681 ecclesiam
2211 610 2492 681 Hostilio
2540 618 2756 683 comiti
2802 616 3113 683 auxilium
3159 640 3347 703 prae-

462 722 677 787 buisse
722 723 1098 804 constiterit,
1143 720 1228 786 ab
1276 720 1498 786 ordine
1546 727 1611 786 et
1657 722 2104 786 communione
2153 719 2521 805 suspendat.
2570 760 2654 770 —
2698 720 2818 785 Vir
2862 722 3246 807 spectabilis.

673 832 800 888 0011.
840 833 1005 888 Britt.
1045 832 1247 888 Gelasii
1283 832 1325 886 I
1351 848 1427 900 ep.
1451 840 1501 887 8.
1556 864 1621 872 -
1676 831 1784 886 Ed.
1820 831 2161 897 Loewenfeld
2206 831 2348 900 Epp.
2377 849 2438 901 p.
2472 840 2504 886 2
2549 849 2604 885 n.
2630 842 2679 887 4.
2743 864 2797 873 —
2853 833 3016 903 Reqy.
3054 833 3249 888 Enoald
3289 835 3351 888 iat

463 920 535 974 N.
562 920 765 975 Archiv
799 919 851 973 V
881 928 971 975 511
1005 937 1061 975 n.
1085 926 1134 975 8.
1195 918 1309 973 JK.
1346 926 1460 973 644.

837 1014 1077 1070 Felicem
1114 1032 1203 1085 ep.
1230 1013 1483 1069 Faliscae
1519 1017 1579 1069 et
1601 1011 1923 1083 Nepesinae
1946 1013 2218 1070 ecclesiae
2253 1012 2440 1079 fuisse,
2479 1031 2545 1069 ex
2582 1014 2726 1070 actis
2758 1014 3118 1071 conciliorum
3155 1034 3206 1071 a.
3230 1017 3351 1072 499.

667 1101 784 1157 500.
809 1102 912 1158 502
937 1101 1319 1171 comperimus
1346 1130 1411 1140 ——
1449 1100 1654 1156 Eodem
1690 1103 1941 1171 tempore
1975 1106 2273 1157 occurrunt
2298 1118 2518 1170 quoque
2555 1101 2712 1157 Felix
2735 1119 2822 1171 ep.
2849 1102 2984 1158 eccl.
3012 1103 3349 1158 Interamna·

668 1186 744 1243 tis
780 1192 839 1244 et
874 1187 1033 1243 Felix
1068 1206 1156 1258 ep.
1193 1188 1327 1243 eccl.
1366 1188 1679 1243 Atellanae.
1751 1188 2057 1244 Hostilium
2093 1189 2355 1245 comitem
2403 1189 2716 1245 invenimus
2759 1188 2934 1245 etiam
2981 1189 3041 1245 in
3075 1190 3286 1247 Gelasii
3324 1192 3349 1245 I

676 1274 918 1344 epistola
951 1273 1055 1329 JK.
1082 1276 1199 1330 692.

467 1347 514 1408 2
2898 1348 3059 1431 (592
3099 1349 3266 1431 ian.)

464 1447 883 1533 Gregorius
928 1450 962 1512 I
1029 1450 1237 1531 clero,
1306 1449 1513 1514 ordini
1581 1456 1648 1514 et
1699 1450 1874 1535 plebi
1935 1451 2306 1516 consistenti
2358 1450 2573 1536 Nepe:
2635 1451 2974 1535 admonet,
3034 1459 3351 1538 quatenus

463 1555 736 1619 Leontio
794 1576 852 1618 v.
901 1556 1009 1638 cl.,
1068 1557 1502 1639 praesentium
1557 1556 1878 1640 portitori,
1948 1557 2047 1621 cui
2116 1577 2334 1620 curam
2397 1555 3022 1642 sollicitudinemque
3078 1559 3350 1622 civitatis

465 1659 756 1741 iniunxit,
788 1660 852 1723 in
885 1658 1179 1724 omnibus
1210 1659 1517 1725 exhibere
1551 1658 2027 1725 oboedientiam
2060 1658 2358 1724 debeant.
2395 1695 2473 1706 —
2505 1660 2779 1725 Leontio
2811 1662 2947 1724 viro
2978 1661 3349 1726 clarissimo·

671 1770 796 1839 Rey.
837 1769 1085 1839 Gregorii
1119 1770 1162 1823 I
1198 1770 1285 1826 lib.
1313 1770 1392 1824 ΙΙ
1430 1787 1508 1838 ep.
1542 1779 1613 1824 14.
1651 1800 1717 1810 -
1761 1770 1907 1825 Edd.
1950 1770 2008 1824 S.
2039 1768 2290 1840 Gregorii
2334 1769 2416 1825 M.
2463 1769 2592 1839 On).
2631 1771 2707 1826 σά.
2746 1772 2936 1825 Maur.
2974 1771 3056 1825 lib.
3085 1772 3157 1825 II
3196 1789 3250 1826 n.
3276 1780 3349 1827 11.

465 1856 653 1910 Mansa?
690 1856 788 1910 IX
821 1863 953 1911 1088
986 1873 1042 1909 n.
1071 1861 1119 1910 8.
1200 1855 1508 1925 cappellani
1556 1856 1642 1909 VI
1667 1863 1776 1910 207.
1856 1856 2035 1925 Proya
2071 1856 2113 1910 I
2141 1864 2243 1910 249
2277 1873 2333 1909 n.
2370 1864 2444 1910 77.
2505 1856 2697 1927 Miyne
2733 1856 3047 1911 LXXVII
3067 1865 3166 1911 547
3196 1875 3251 1911 π.
3277 1866 3350 1912 11.

467 1943 622 1997 Mon.
667 1941 840 1998 Germ.
878 1942 1020 2011 Epp.
1060 1943 1093 1996 1
1125 1951 1227 1997 111.
1266 1973 1327 1981 -
1368 1942 1527 2013 Reqq.
1565 1941 1633 1996 J.
1670 1948 1791 1996 803.
1851 1941 1963 1995 JE.
2002 1948 2140 1997 1166.

461 2086 504 2144 3
2876 2083 3004 2146 592
3047 2087 3232 2147 mart.

463 2185 903 2271 Gregorius
947 2187 981 2249 I
1025 2186 1299 2251 Iohanni
1358 2208 1496 2270 ep.,
1554 2186 1864 2250 visitatori
1917 2185 2275 2270 Nepesino:
2332 2187 2635 2272 quoniam
2681 2086 2888 2251 Paulb
2935 2208 3037 2271 ep.
3086 2085 3350 2271 oper)am

461 2290 840 2355 visitationis
906 2289 1378 2375 Neapolitanae
1448 2290 1761 2355 ecclesiae
1823 2291 2131 2373 iniunxit,
2199 2289 2413 2372 iubet,
2482 2297 2553 2355 ut
2609 2289 2976 2375 Nepesinae
3036 2290 3349 2355 ecclesiae

461 2395 892 2459 visitationem
938 2415 1064 2456 non
1110 2392 1378 2458 desistat
1422 2392 1780 2458 adsumere.
1830 2429 1913 2440 —-
1960 2392 2282 2467 Quoniam
2326 2392 2553 2458 Paulo.

670 2506 798 2574 Rey.
843 2503 1085 2573 Greyorii
1122 2503 1164 2556 I
1191 2503 1274 2557 lib.
1304 2503 1375 2557 ΙΙ
1407 2520 1483 2572 ep.
1510 2511 1586 2557 26.
1632 2533 1696 2543 -
1751 2502 1893 2557 Εᾶά.
1936 2503 1993 2558 S.
2033 2502 2278 2573 Grcymii
2312 2504 2393 2559 M.
2433 2504 2569 2574 Opp.
2616 2505 2695 2559 ed.
2734 2506 2919 2560 Maur.
2956 2504 3042 2560 lib.
3078 2504 3158 2558 II
3183 2521 3238 2558 n.
3269 2510 3347 2558 26.

461 2591 653 2645 Mami
687 2590 787 2644 IX
837 2598 965 2645 1095
1015 2607 1072 2645 n.
1098 2598 1178 2645 20.
1275 2590 1583 2659 cappellani
1636 2589 1725 2644 VI
1763 2598 1875 2645 207.
1968 2590 2144 2660 Troya
2191 2591 2228 2645 I
2265 2597 2361 2645 263
2405 2608 2462 2646 π.
2495 2598 2588 2646 86.
2670 2593 2853 2661 Magne
2904 2590 3221 2645 LXXVII
3255 2598 3350 2645 562

460 2694 516 2731 n.
544 2685 627 2733 26.
704 2677 858 2731 Mon.
904 2677 1079 2732 Germ.
1116 2677 1260 2745 E'pp.
1298 2678 1341 2730 I
1365 2683 1478 2731 122.
1519 2707 1585 2716 -
1622 2676 1780 2746 Reqy.
1819 2677 1871 2731 J.
1907 2683 2017 2732 816.
2074 2676 2183 2732 .ῙΕ.
2221 2686 2364 2733 1179.

840 2770 1045 2827 Paulus
1091 2788 1178 2841 ep.
1216 2771 1533 2841 Nepesinus
1578 2788 1629 2826 a.
1665 2772 1762 2826 591
1816 2771 1933 2827 dec.
1970 2771 2386 2843 Neapolitanae
2443 2771 2713 2828 ecclesiae
2759 2772 3017 2828 visitator
3061 2770 3350 2828 ordinatur

664 2860 823 2930 (Reg.
857 2857 956 2913 lib.
994 2858 1048 2911 11
1085 2875 1211 2928 epp.
1251 2860 1334 2914 12.
1373 2858 1454 2914 13.
1496 2859 1587 2924 18;
1632 2858 1729 2912 lib.
1758 2858 1837 2911 111
1874 2876 1961 2928 ep.
1987 2860 2069 2926 2);
2115 2876 2167 2913 a.
2200 2860 2303 2915 593
2339 2857 2469 2914 mai.
2506 2862 2697 2914 tamen
2732 2858 2992 2929 propriae
3036 2858 3154 2914 sedi
3189 2859 3347 2913 resti-

664 2944 845 3001 tuitur
881 2945 1003 3012 (lib.
1031 2944 1109 2999 111
1148 2962 1236 3014 ep.
1261 2944 1365 3013 35).
1411 2975 1473 2984 —-
1522 2944 1822 2999 Iohannem
1860 2943 2029 2999 fuisse
2066 2944 2452 3001 Falaritanum
2488 2944 2815 3015 episcopum
2850 2948 3098 3001 autum0.

457 3090 818 3254 4Alexand
835 3210 915 3253 er
959 3188 1063 3252 III
1129 3188 1464 3275 (Martino)
1520 3211 1655 3275 ep.,
1725 3190 2091 3255 consulibus
2149 3198 2216 3255 et
2273 3192 2514 3276 populo
2572 3190 2942 3275 Nepesinis:
3012 3087 3345 3274 εςζιίγέἐειῐ,

463 3293 635 3378 quod
680 3292 930 3357 curabit
972 3292 1337 3378 prohibere,
1382 3314 1463 3358 ne
1510 3292 1902 3380 (Conradus)
1948 3295 2114 3359 filius
2158 3295 2545 3359 marchionis
2591 3293 2709 3378 (W
2711 3294 2936 3358 illelmi
2981 3293 3060 3358 de
3093 3295 3347 3359 Monte-

459 3396 726 3482 ferrato)
770 3398 925 3481 ipsis
969 3396 1332 3461 molestiam
1377 3398 1613 3462 inferat
1640 3400 1744 3463 vel
1788 3420 2159 3484 gravamen,
2205 3399 2357 3483 quia
2387 3397 2905 3463 viterbiensibus
2951 3396 3034 3462 ad
3079 3396 3346 3462 manda·-

459 3508 593 3564 tum
641 3521 844 3584 suum,
878 3501 1044 3566 sicut
1073 3499 1307 3582 decuit,
1354 3500 1754 3565 adstiterunt.
1802 3538 1888 3548 —
1932 3501 2237 3587 Receptis
2281 3509 2533 3566 vestrae
2580 3500 2957 3566 devotionis.

666 3611 797 3678 1309.
821 3610 1132 3666 Alcaeandvi
1170 3611 1276 3665 111
1300 3627 1382 3680 ep.
1408 3618 1480 3665 47
1511 3610 1646 3679 (cod.
1684 3612 1796 3668 coll.
1835 3611 2027 3665 Trinit.
2058 3611 2361 3681 Cantabriq.
2397 3629 2439 3667 s.
2471 3611 2609 3666 XII
2642 3611 2698 3668 R
2731 3619 2776 3667 9.
2806 3619 2867 3666 17
2895 3611 2939 3676 s.
2966 3615 3096 3678 123).
3137 3643 3197 3652 -
3235 3612 3344 3667 Ed.

463 3697 801 3765 Loewenseld
834 3698 978 3767 Epp.
1008 3715 1069 3768 p.
1096 3706 1191 3756 161
1222 3715 1279 3753 n.
1307 3703 1422 3753 281.
1459 3728 1528 3737 -
1564 3698 1694 3767 Βερ.
1733 3698 1849 3755 JL.
1890 3704 2067 3754 13103.

835 3793 917 3849 De
962 3795 1213 3863 tempore
1265 3793 1335 3848 cf.
1371 3793 1725 3849 Loewenfeld
1772 3793 1831 3848 in
1880 3795 2272 3866 Forschungen
2327 3811 2423 3848 zur
2464 3785 2771 3849 deutschen
2817 3792 3154 3849 Geschichte
3191 3792 3345 3847 XXV

661 3880 839 3949 (1885)
875 3880 978 3935 459
994 3897 1074 3948 sq.
1102 3908 1165 3918 -—
1193 3879 1273 3935 De
1308 3897 1368 3935 re
1405 3879 1473 3935 cf.
1511 3898 1731 3949 quoque
1758 3879 2058 3936 Alexandri
2084 3881 2164 3934 111
2204 3880 2528 3935 mandatum
2565 3880 2638 3933 ad
2663 3878 3044 3935 viterbienses
3070 3879 3344 3946 (Viterbo,

673 3966 890 4022 Civitas
924 3984 976 4020 n.
1008 3967 1078 4033 l).

1196 4141 1713 4207 nonasterium
1761 4157 1819 4208 s,
1850 4139 2116 4207 Marlae
2162 4141 2239 4207 et
2282 4156 2340 4206 s.
2372 4138 2620 4207 Blasii.

672 4278 820 4344 Hoc
867 4280 1369 4344 vetustissimum
1413 4281 1871 4346 monasterium
1916 4280 2292 4345 monialium
2340 4279 2475 4344 ord.
2524 4303 2572 4343 s.
2606 4278 2943 4343 Benedicti
2988 4277 3344 4344 subiectum

459 4384 581 4447 fuit
645 4384 1068 4449 iurisdictioni
1138 4383 1502 4449 abbatissae
1571 4391 1638 4450 et
1691 4384 2067 4449 monialium
2135 4406 2215 4447 ss.
2261 4383 2514 4467 Cyriaci
2567 4389 2633 4447 et
2684 4382 2940 4447 Nicolai
3006 4381 3086 4445 de
3145 4381 3342 4446 Urbe.

459 4486 692 4572 Itaque
760 4511 810 4551 s.
864 4488 1063 4553 Blasii
1136 4488 1497 4572 archivum,
1567 4489 2044 4573 antiquissimas
2121 4487 2373 4552 chartas
2433 4475 2797 4568 continens,
2869 4486 3107 4570 quippe
3176 4507 3343 4569 quae

458 4612 624 4656 saec.
656 4591 722 4656 X
767 4593 1187 4676 respicerent,
1242 4593 1307 4656 in
1353 4615 1401 4656 s.
1435 4592 1687 4675 Cyriaci
1732 4592 2103 4657 monasterii
2161 4590 2477 4655 tabulario
2525 4589 3004 4670 adservabatur‚
3065 4609 3147 4652 ex
3195 4610 3343 4672 quo,

458 4698 955 4781 congregatione
986 4696 1214 4761 harum
1245 4695 1618 4760 monialium
1649 4717 2011 4781 suppressa,
2058 4695 2143 4759 ad
2175 4694 2503 4759 archivum
2534 4695 2982 4759 canonicorum
3016 4714 3063 4754 s.
3097 4691 3341 4755 Mariae

456 4800 521 4863 in
565 4801 690 4865 Via
736 4801 866 4865 lata
910 4799 991 4865 de
1038 4799 1214 4866 Urbe
1260 4799 1371 4885 (cf.
1417 4800 1541 4865 vol.
1578 4800 1612 4862 I
1658 4822 1719 4885 p.
1757 4803 1835 4863 78
1862 4798 1989 4884 sq.)
2036 4800 2302 4863 transiit.

662 4954 724 5008 D
768 4977 833 5000 =
875 4953 1040 5010 Liber
1092 4958 1592 5024 transsumptorum
1662 4954 2156 5010 instrumentorum
2214 4952 2726 5022 antiquissimorum
2786 4952 2845 5005 in
2897 4967 3234 5021 pergameno
3287 4989 3299 5001 .
3330 4991 3342 5002 .

866 5041 1208 5111 compositus
1261 5059 1296 5097 a
1349 5041 1678 5113 Magalotti‚
1731 5060 1773 5096 a.
1818 5041 2002 5106 XVII,
2056 5040 2234 5095 Roma
2288 5041 2453 5096 Arch.
2511 5039 2819 5110 capitolare
2865 5038 2922 5092 di
2967 5037 3018 5093 S.
3054 5036 3235 5091 Maria
3285 5035 3340 5090 in

664 5216 832 5270 M²==
866 5128 1278 5270 {alaz-letti
1313 5213 1676 5272 Miscellanea
1713 5215 1819 5269 vol.
1848 5214 1942 5279 XI,
1980 5233 2019 5267 S.
2049 5214 2247 5281 XVIII,
2285 5213 2402 5269 cod.
2429 5213 2558 5269 Vat.
2596 5213 2694 5267 lat.
2721 5213 2870 5267 7932.

568 5316 737 5371 Kehr,
765 5316 897 5360 Italia
919 5315 1149 5372 pontificia
1176 5316 1230 5360 11.
2966 5297 3032 5351 12
