4055 6069
1587 1438 2259 1559 SEGNI

1755 1617 2105 1705 (Signia)

688 1944 977 2016 Ughelli
1017 1946 1096 2001 ¹1
1145 1946 1418 2015 *147sq.;
1467 1950 1487 1982 ²
1524 1946 1549 2001 1
1590 1946 1726 2002 1234
1760 1964 1841 2015 sq.
1892 1977 1960 1985 —
2014 1945 2132 2002 Ott.
2171 1945 2383 2001 Lauri
2436 1945 2621 2003 Storia
2667 1946 2818 2001 della
2869 1945 3013 2002 citta
3065 1946 3124 2001 di
3177 1946 3370 2020 Segni,

479 2050 580 2087 ms.
617 2050 658 2087 s.
683 2032 889 2100 XVIII,
926 2033 1103 2088 Roma
1137 2032 1285 2089 Bibl.
1322 2032 1582 2090 Casanat.
1607 2033 1653 2087 E
1689 2033 1863 2088 11123
1899 2033 1989 2097 (cf.
2030 2032 2088 2090 C.
2126 2033 2166 2087 Ι.
2205 2033 2264 2088 L.
2302 2032 2353 2088 X
2390 2034 2531 2102 591).
2572 2063 2634 2073 -
2672 2032 2980 2089 Marocco
3017 2034 3369 2091 Monumenti

480 2117 558 2171 IX
594 2119 757 2188 46sq.
798 2148 861 2160 -
900 2118 1349 2190 Cappelletti
1384 2119 1463 2174 VI
1498 2121 1601 2176 615
1621 2137 1702 2190 sq.
1740 2149 1807 2160 —
1842 2118 2110 2175 Moroni
2150 2117 2465 2176 Dizionario
2501 2119 2682 2175 LXIII
2718 2119 2921 2190 amoq,

1485 2396 1960 2483 Episcopatus
2004 2395 2368 2481 signinus.

690 2564 1047 2650 Episcopus
1101 2564 1400 2650 Signinus
1419 2615 1435 2647 ‚
1489 2585 1652 2630 unus
1713 2587 1798 2631 ex
1852 2566 2131 2651 antiquis
2196 2565 2533 2631 Romanae
2587 2566 2954 2651 provinciae
3023 2568 3365 2653 episcopis,

476 2668 849 2734 immediate
894 2668 1116 2734 subest
1156 2668 1451 2734 Romano
1497 2669 1813 2754 pontifici,
1869 2670 2133 2753 eiusque
2188 2670 2413 2735 civitas
2468 2669 2553 2734 ad
2605 2670 3105 2738 iurisdictionem
3149 2692 3361 2757 papae

476 2772 857 2857 pertinebat.
925 2772 1252 2838 Honorius
1294 2773 1384 2857 Π,
1430 2781 1501 2838 ut
1544 2773 1743 2839 refert
1786 2773 1980 2857 Boso,
2026 2774 2352 2838 civitatem
2398 2773 2728 2859 Signinam
2775 2796 2918 2839 cum
2962 2776 3364 2860 pertinentiis

477 2879 605 2941 suis
657 2878 723 2941 in
779 2877 1064 2943 dominio
1121 2884 1187 2942 et
1243 2880 1640 2961 proprietate
1693 2877 1754 2941 b.
1797 2877 1975 2942 Petri
2034 2877 2312 2941 restituit
2378 2875 2548 2961 (Lib.
2596 2877 2823 2961 pontif.
2870 2877 2973 2942 ed.
3017 2876 3360 2944 Duchesne

475 2981 543 3045 H
589 2982 762 3067 379).
853 2980 1038 3047 Idem
1084 2988 1306 3047 auctor
1349 2988 1594 3068 narrat,
1649 2981 2010 3069 Eugenium
2057 2981 2162 3048 III
2216 2984 2279 3047 in
2332 2981 2489 3049 urbe
2548 2980 2771 3068 Signia
2828 2982 3137 3068 palatium
3183 2983 3362 3048 aedi-

473 3086 701 3151 ficasse
745 3085 816 3171 (l.
866 3107 918 3149 c.
962 3086 1030 3149 Π
1076 3088 1230 3163 387;
1300 3086 1379 3149 cf.
1438 3088 1636 3152 etiam
1694 3086 1981 3152 chartam
2043 3109 2102 3151 a.
2157 3091 2318 3151 1152
2375 3106 2521 3169 aug.
2559 3089 2640 3150 28
2686 3085 2802 3150 sub
2834 3084 3090 3170 Veroli,
3147 3086 3360 3172 Episc.

474 3212 534 3254 n.
576 3190 699 3274 13),
744 3188 855 3254 ubi
899 3192 1155 3275 saepius
1198 3190 1476 3255 Romani
1520 3191 1854 3275 pontifices
1900 3191 2294 3256 resederunt.
2386 3189 2485 3254 Ibi
2529 3189 2907 3255 Alexander
2949 3189 3056 3254 111
3099 3211 3157 3254 a.
3202 3196 3361 3257 1173

473 3294 602 3358 feb.
636 3296 674 3356 2
719 3295 785 3358 in
829 3294 1139 3358 honorem
1183 3292 1245 3358 b.
1280 3293 1569 3360 Thomae
1611 3292 2088 3359 Cantuariensis
2132 3297 2469 3359 missarum
2516 3293 2854 3359 soUemnia
2898 3293 3250 3359 celebravit
3296 3302 3363 3359 et

472 3398 787 3482 passionis
837 3399 974 3462 eius
1019 3396 1273 3474 diem⁹j4
1305 3396 1437 3461 kal.
1484 3399 1608 3463 ian.
1656 3396 1825 3483 (dec.
1859 3397 1973 3484 29)
2017 3404 2331 3484 perpetuo
2380 3400 2487 3484 agi
2532 3400 2859 3463 constituit
2888 3397 2957 3481 (l.
2993 3419 3047 3463 c.
3080 3397 3152 3462 H
3183 3397 3357 3483 426).

683 3605 1034 3670 Archivum
1082 3605 1397 3670 ecclesiae
1443 3605 1829 3670 cathedralis
1875 3629 1922 3669 s.
1957 3606 2202 3670 Mariae
2248 3627 2306 3670 a.
2347 3610 2507 3670 1555
2554 3606 2703 3691 igne
2750 3612 3195 3689 consumptum
3241 3613 3358 3690 est,

469 3712 691 3795 paucis
736 3716 983 3774 tantum
1015 3710 1414 3774 documentis
1443 3718 1767 3794 parcente,
1816 3730 2085 3794 quorum
2119 3709 2629 3794 antiquissimum
2663 3708 2745 3773 ad
2779 3730 2835 3773 a.
2877 3712 3040 3774 1259
3071 3710 3357 3774 referen-

471 3811 622 3877 dum
669 3818 787 3877 est.
876 3812 1029 3878 Alia
1073 3821 1185 3878 aut
1229 3812 1518 3898 dispersa
1563 3821 1674 3878 aut
1719 3813 2044 3878 destructa
2088 3821 2263 3897 sunt,
2320 3814 2633 3898 imprimis
2677 3815 2942 3897 antiqua
2985 3813 3356 3897 pontificum

469 3916 912 3981 Romanorum
957 3938 997 3981 a
1040 3917 1241 3981 Lucio
1287 3916 1393 3980 HI
1459 3916 1547 4002 (n.
1581 3916 1651 4003 4)
1704 3916 1967 3982 laudata
2011 3916 2382 4002 privilegia,
2439 3915 2669 4001 quibus
2734 3915 2895 3979 fines
2952 3917 3358 4001 episcopatus

470 4019 987 4106 designabantur.
1108 4022 1288 4085 Lucii
1353 4020 1458 4084 III
1535 4021 2006 4112 privilegium,s
2048 4020 2219 4106 quod
2297 4023 2646 4085 etiamtunc
2722 4039 2889 4085 saec.
2955 4018 3117 4083 XVI
3182 4019 3353 4085 med.

468 4124 547 4189 A.
588 4124 1002 4190 Massarellus
1056 4126 1120 4188 in
1188 4125 1447 4189 archivo
1514 4125 1826 4190 ecclesiae
1889 4123 2193 4211 Signinae
2251 4125 2527 4206 invenit,
2587 4144 2755 4188 saec.
2790 4122 2991 4187 XVII
3036 4124 3120 4187 in.
3168 4123 3359 4188 Felix

469 4227 903 4312 Contelorius,
960 4228 1198 4293 archivi
1245 4231 1435 4293 castri
1482 4252 1530 4293 s.
1562 4229 1799 4314 Angeli
1845 4236 2090 4314 cust03,
2136 4249 2338 4313 penes
2384 4249 2452 4292 se
2501 4233 2757 4292 exstare
2804 4226 3182 4311 affirmavit,
3241 4228 3358 4292 sed

468 4332 634 4396 inter
686 4333 824 4397 eius
869 4331 1140 4397 schedas
1200 4332 1434 4398 frustra
1490 4333 1795 4418 quaesivi.
1908 4331 2259 4398 Clementis
2303 4331 2409 4395 HI
2474 4332 2880 4416 privilegium
2947 4332 3190 4415 pariter
3245 4329 3354 4394 ubi

469 4436 551 4499 sit
595 4438 932 4502 nescimus.

681 4539 784 4606 De
830 4542 1087 4607 archivo
1136 4541 1216 4608 cf.
1262 4543 1629 4609 Bethmann
1672 4544 1735 4606 in
1773 4541 2017 4606 Archiv
2047 4540 2182 4605 XII
2225 4543 2380 4617 483;
2428 4539 2604 4605 Gatt.
2639 4537 2875 4604 Nachr.
2914 4542 3078 4606 1900
3108 4561 3170 4625 p.
3207 4543 3351 4606 304.

681 4729 728 4783 0
774 4754 838 4777 =
876 4732 1079 4803 Angeli
1116 4731 1428 4789 Massarelli
1465 4731 1828 4787 collectanea
1863 4732 1931 4788 de
1968 4731 2329 4802 pontificibus
2375 4734 2435 4787 et
2489 4729 2871 4786 cardinalibus
2907 4729 3018 4784 vol.
3046 4729 3095 4794 Ι,
3132 4748 3177 4785 s.
3206 4728 3351 4794 XVI,

880 4819 1058 4874 Roma
1093 4819 1259 4874 Arch.
1286 4819 1413 4875 Vat.
1451 4819 1606 4874 Misc.
1643 4820 1791 4873 Arm.
1819 4818 1896 4872 XI
1932 4822 1974 4873 t.
1997 4819 2099 4883 40;
2137 4817 2206 4874 cf.
2243 4817 2396 4873 Gott.
2433 4817 2642 4872 Nachr.
2683 4817 2818 4873 1900
2852 4834 2908 4887 p.
2932 4816 3052 4872 886.

676 4902 736 4957 D
783 4926 846 4951 =
885 4905 1000 4960 Fel.
1036 4905 1318 4960 Contelori
1361 4906 1710 4961 Summorum
1747 4905 2075 4976 pontificum
2129 4923 2196 4961 ae
2243 4905 2295 4960 S.
2334 4905 2398 4960 R.
2433 4904 2495 4958 E.
2534 4902 2902 4959 cardinalium
2950 4901 3175 4957 nomina
3224 4905 3348 4967 etc..

877 5010 918 5045 s.
943 4990 1121 5056 XVII,
1158 4991 1232 5046 ib.
1269 4991 1425 5047 Misc.
1463 4994 1611 5047 Arm.
1636 4991 1744 5046 VII
1782 4995 1823 5046 t.
1851 4991 1967 5047 133.

673 5077 735 5131 E
773 5101 838 5124 =
876 5077 1011 5149 Cop.
1047 5097 1090 5132 s.
1113 5077 1304 5133 XVIII
1340 5078 1399 5133 in
1434 5077 1760 5134 Inventario
1797 5096 1886 5148 ep.
1926 5077 2211 5149 Pamphili
2246 5095 2296 5133 a.
2337 5078 2472 5134 1578
2507 5076 2678 5149 Segni
2713 5075 2878 5131 Areh.
2916 5076 3244 5148 capitolare.

672 5163 735 5218 F
775 5188 839 5210 =
881 5163 1062 5220 Visita
1097 5182 1128 5220 e
1164 5163 1362 5232 sinodi,
1397 5184 1439 5221 s.
1463 5164 1671 5232 XVIII,
1708 5165 1881 5236 Segni
1915 5164 2080 5220 Arch.
2118 5164 2270 5220 della
2304 5165 2461 5220 curia
2496 5161 2789 5219 vescovile.
