4055 6069
1325 492 1473 548 Mon.
1509 512 1550 549 s,
1579 493 1788 550 Mariae
1828 494 2086 550 Farfense
2130 524 2181 532 -
2227 495 2399 565 Lupo,
3225 505 3307 565 69

424 668 548 731 *53
2739 672 2937 754 (1155
2983 673 3118 737 iun.
3154 673 3222 756 1)

427 771 865 837 Hadrianus
909 772 1004 835 IV
1049 771 1379 836 Friderico
1424 771 1512 837 ill.
1558 772 1994 837 Romanorum
2043 773 2207 857 regi:
2271 781 2514 857 exorat,
2560 783 2873 860 quatenus
2915 776 3307 863 R(usticum)

427 875 728 941 abbatem
786 884 852 941 et
894 877 1350 940 monasterium
1394 876 1740 960 Farfcnse‚
1809 876 1981 961 quod
2040 875 2123 940 ad
2187 875 2653 944 ordinationem
2713 888 2779 945 et
2823 883 3306 967 dispositionem

429 980 599 1044 sedis
661 987 864 1064 apost.
926 979 1292 1066 specialiter
1345 987 1627 1065 spectat,
1697 982 1924 1064 diligat
1992 987 2059 1046 et
2110 981 2360 1044 litteras
2418 980 2904 1051 benevolentiae
2964 1008 3117 1051 suae
3185 987 3306 1070 ipsi

427 1088 842 1172 transmittat,
912 1088 975 1151 in
1046 1086 1273 1173 quibus
1325 1088 1600 1171 gratiam
1668 1094 1735 1152 et
1799 1086 2036 1151 bonam
2095 1089 2490 1154 voluntatem
2559 1112 2738 1155 suam
2808 1091 3021 1156 eidem
3088 1090 3304 1155 abbati

426 1191 743 1256 ostendat.

629 1300 812 1357 Laud.
848 1302 910 1355 in
944 1319 1000 1358 π.
1030 1310 1111 1358 54.
1150 1332 1215 1342 -
1251 1302 1384 1372 Ray.
1419 1302 1528 1357 JL.
1569 1333 1648 1356 -.

427 1424 508 1487 54
2511 1424 2692 1490 Sutri
2736 1430 2967 1511 (1155)
3012 1429 3148 1491 iun.
3183 1432 3221 1490 1

425 1526 868 1591 Hadrianus
913 1526 1010 1591 IV
1067 1524 1412 1611 A(rnoldo)
1468 1526 1797 1592 Colonien.
1858 1528 2140 1612 archiep.
2210 1535 2275 1594 et
2332 1527 2764 1617 (Everhardo)
2818 1531 3303 1616 Bavenbergen.

425 1652 526 1715 ep.
576 1638 643 1695 et
690 1629 1055 1716 W(ibaldo)
1116 1630 1454 1697 Corbeien.
1504 1631 1676 1697 abb.:
1732 1633 2026 1715 mandat,
2084 1641 2397 1717 quatenus
2453 1635 2735 1698 animum
2780 1635 3089 1699 Friderici
3135 1635 3307 1719 regis

425 1735 507 1799 ad
550 1735 675 1799 hoc
717 1734 1040 1817 inducant,
1085 1742 1156 1798 ut
1195 1755 1421 1820 preces
1451 1757 1604 1799 suae
1636 1736 2078 1820 compleantur
2123 1742 2190 1801 et
2232 1738 2322 1801 ita
2352 1735 2547 1802 verbo
2595 1743 2661 1802 et
2692 1758 2886 1822 opere
2918 1739 3304 1802 monasterio

424 1838 681 1903 Farfen.
740 1837 1081 1902 salubriter
1135 1840 1356 1903 auxilii
1409 1841 1506 1903 sui
1558 1838 1788 1904 solatia
1847 1839 2300 1905 subministret.
2354 1877 2442 1886 —
2499 1840 2666 1915 Quia
2720 1841 3027 1906 Farfense
3081 1863 3305 1906 mona-

424 1943 708 2007 sterium.
798 1941 950 2009 Dat.
998 1940 1193 2005 Sutrii
1240 1941 1369 2006 kal.
1416 1943 1542 2006 iun.

642 2051 879 2106 wibaldi
913 2050 1026 2105 abb.
1061 2051 1170 2105 cod.
1208 2052 1521 2120 epistolaris.
1559 2084 1624 2092 -
1659 2051 1807 2106 Edd.
1844 2052 2096 2107 Martem
2132 2058 2183 2107 et
2217 2053 2461 2107 Dwrand
2490 2054 2597 2108 Vct.
2633 2071 2736 2110 scr.
2769 2055 2885 2110 coll.
2913 2054 2989 2109 II
3014 2062 3110 2110 592
3132 2071 3186 2109 n.
3212 2060 3307 2109 431

426 2162 488 2184 =
528 2139 713 2208 Miyne
749 2137 1209 2194 CLXXXVIII
1236 2146 1369 2193 1427
1399 2156 1453 2193 n.
1479 2146 1556 2194 57.
1628 2138 1771 2204 Jaffe
1805 2138 1948 2194 Bibl.
1982 2154 2085 2195 rer.
2130 2140 2306 2196 Germ.
2334 2140 2372 2194 Ι
2399 2147 2494 2196 573
2528 2158 2583 2197 n.
2610 2150 2730 2197 440.
2765 2171 2832 2180 —
2870 2141 3039 2213 Reyq.
3077 2142 3132 2198 J.
3159 2148 3306 2198 6883.

422 2224 528 2280 JL.
566 2234 738 2281 10071.

423 2380 544 2446 *55
2851 2385 3190 2447 1150—58

427 2484 447 2572 [
453 2534 717 2550 ......
725 2483 743 2573 ]
813 2485 1076 2570 Hugoni
1121 2484 1415 2550 Hostien.
1464 2492 1530 2550 et
1575 2485 1927 2583 Velletren.
1976 2507 2106 2570 ep.:
2174 2487 2515 2551 committit
2573 2385 2865 2572 causam(,
2931 2510 3096 2574 quae
3141 2388 3306 2554 in)ter

428 2592 864 2676 praepositum
910 2597 976 2655 et
1019 2591 1297 2674 priorem
1343 2591 1714 2655 monasterii
1771 2589 2027 2655 Fal-fen.
2075 2611 2268 2674 super
2312 2592 2690 2657 executione
2738 2592 2932 2656 officii
2976 2594 3304 2678 utriusque

427 2693 734 2759 hactenus
778 2695 1073 2776 vertitur,
1127 2715 1206 2758 ea
1260 2694 1495 2777 forma,
1550 2700 1621 2759 ut
1682 2695 1861 2758 iuxta
1924 2692 2449 2759 consuetudinem
2495 2697 3026 2760 monasteriorum
3074 2694 3302 2760 Subla-

428 2799 630 2864 censis
675 2804 742 2863 et
786 2821 834 2862 s.
868 2797 1217 2863 Salvatoris
1263 2796 1549 2881 (maioris
1595 2798 1674 2862 de
1720 2797 1957 2883 Reate)
2003 2799 2069 2862 in
2114 2818 2193 2862 ea
2239 2798 2591 2884 procedere
2637 2799 2889 2865 debeat.

629 2908 813 2964 Laud.
849 2910 912 2961 in
944 2926 1001 2963 n.
1019 2915 1098 2964 56.
1134 2938 1198 2948 —-
1239 2908 1369 2978 Req.
1406 2907 1521 2963 JL.
1558 2939 1642 2963 -.

804 3003 1092 3061 Nescimus
1141 3004 1231 3059 cui
1276 3020 1485 3075 papae,
1537 3007 1726 3060 utrum
1767 3003 2017 3077 Eugenio
2067 3004 2147 3060 III
2199 3021 2272 3060 an
2320 3004 2617 3061 Anastasio
2654 3005 2734 3060 IV
2778 3022 2851 3060 an
2886 3004 3169 3062 Hadriano
3206 3005 3301 3071 IV,

635 3092 959 3148 mandatum
994 3091 1103 3147 hoc
1139 3090 1558 3148 attribuendum
1594 3091 1684 3145 sit.

428 3215 466 3277 5
2847 3215 3143 3279 1150—5

426 3218 621 3403 H⁶ugo
677 3318 973 3383 Hostien.
1028 3324 1093 3382 et
1135 3317 1488 3383 velletren.
1538 3338 1661 3402 ep.,
1708 3339 1747 3381 a
1793 3317 1852 3382 d.
1901 3340 2101 3403 papa
2145 3320 2370 3404 iussus,
2417 3319 2671 3385 Farfen.
2719 3222 2964 3384 abgati:
3021 3220 3302 3405 maffia,

426 3431 497 3488 ut
561 3422 997 3508 praepositum
1052 3427 1120 3485 et
1180 3421 1460 3505 priorem
1513 3419 1771 3484 Farfen.
1831 3422 2288 3488 consuetudine
2348 3444 2397 3486 s.
2450 3422 2798 3489 Salvatoris
2866 3421 3154 3508 (maioris
3221 3424 3301 3490 de

424 3525 660 3612 Reate)
705 3527 901 3591 faciat
944 3525 1024 3589 de
1071 3531 1287 3589 cetero
1332 3545 1594 3589 manere
1641 3529 1991 3590 contentos.
2040 3566 2123 3574 ——
2168 3526 2446 3592 Causam
2492 3539 2675 3612 quae.

639 3637 705 3693 G.
742 3667 807 3677 -
844 3636 954 3692 Ed.
993 3636 1212 3706 Qucum
1246 3634 1362 3689 und
1396 3635 1786 3707 Forsclmnyen
1822 3637 1920 3690 IX
1952 3637 2128 3706 (1906)
2165 3643 2260 3693 183
2292 3655 2347 3694 π.
2378 3646 2410 3692 7
2439 3655 2506 3693 ex
2547 3637 2613 3694 G.
2653 3668 2713 3678 —-
2754 3639 2877 3709 Req.
2915 3639 3026 3694 JL.
3064 3669 3146 3695 —.

425 3811 551 3876 *57
2814 3815 3215 3899 (1159—81)

426 3915 877 3982 Alexander
920 3914 1026 3978 III
1072 3914 1367 3980 concedit
1410 3915 1816 4000 privilegium
1860 3916 2297 4000 protectionis.

628 4025 803 4080 Laud.
838 4026 901 4080 in
934 4022 1239 4081 Innocen'tii
1277 4025 1386 4080 111
1410 4026 1559 4080 bulla
1593 4032 1794 4082 a.1198
1824 4031 1951 4094 sept.
1981 4035 2021 4081 7.
2049 4054 2113 4066 —-
2154 4026 2282 4097 Ray.
2317 4027 2427 4083 JL.
2465 4058 2546 4084 —.

423 4149 547 4213 *58
2813 4153 3214 4235 (naz-97)

425 4254 880 4319 Celestinus
925 4253 1031 4317 III
1076 4251 1372 4318 concedit
1413 4253 1818 4339 privilegium
1863 4255 2299 4338 protectionis.

627 4363 808 4419 Laud.
844 4364 909 4417 in
942 4363 1252 4419 Innocentii
1286 4363 1394 4417 111
1419 4364 1565 4418 bulla
1598 4381 1649 4418 a.
1677 4368 1811 4419 1198
1844 4369 1971 4433 sept.
2002 4372 2045 4419 7.
2082 4393 2144 4404 -
2184 4364 2312 4436 Ray.
2351 4364 2458 4421 JL.
2497 4397 2579 4423 —·.

1748 4675 1969 4759 Lupo.

634 4764 702 4818 cf.
743 4763 922 4828 Parsa,
958 4763 1104 4817 Mon.
1142 4781 1183 4817 s.
1211 4762 1437 4818 Mariae.

632 4919 949 4984 Hadriani
994 4920 1025 4982 I
1080 4919 1516 5005 privilegium,
1578 4942 1703 5004 quo
1758 4921 2011 5004 Luponi
2056 4927 2299 4985 curtem
2347 4942 2408 5005 q.
2436 4920 2495 4984 d.
2542 4920 2825 4986 Taciana
2868 4922 2934 4984 in
2979 4921 3296 4985 territorio

424 5023 757 5088 Sabinensi
812 5025 1142 5105 concessit,
1197 5021 1278 5087 ab
1334 5022 1564 5088 eodem
1609 5025 1879 5108 Lupone
1925 5046 2044 5108 per
2097 5024 2383 5089 chartam
2429 5026 2615 5089 simul
2663 5047 2805 5089 cum
2853 5032 3027 5089 curte
3073 5046 3295 5089 mona-

421 5128 614 5192 sterio
659 5128 952 5192 Farfensi
997 5126 1301 5191 traditum
1347 5127 1495 5210 fuit,
1542 5127 1656 5191 sed
1700 5128 1909 5212 periit.
1998 5126 2100 5192 De
2146 5127 2416 5213 Lupone
2463 5129 2704 5193 nullam
2749 5128 2941 5193 aliam
2986 5127 3296 5192 habemus

420 5251 815 5296 memonam.
