<?xml version="1.0" encoding="UTF-8"?>
<!DOCTYPE html PUBLIC "-//W3C//DTD XHTML 1.0 Transitional//EN"
    "http://www.w3.org/TR/xhtml1/DTD/xhtml1-transitional.dtd">
<html xmlns="http://www.w3.org/1999/xhtml" xml:lang="en" lang="en">
 <head>
  <title>
</title>
<meta http-equiv="Content-Type" content="text/html;charset=utf-8" />
  <meta name='ocr-system' content='tesseract 3.04.00' />
  <meta name='ocr-capabilities' content='ocr_page ocr_carea ocr_par ocr_line ocrx_word'/>
</head>
<body>
  <div class='ocr_page' id='page_1' title='image "./italiapontifici00gtgoog_0048.png"; bbox 0 0 4055 6069; ppageno 0'>
   <div class='ocr_carea' id='block_1_1' title="bbox 1178 456 3311 533">
    <p class='ocr_par' dir='ltr' id='par_1_1' title="bbox 1178 456 3311 533">
     <span class='ocr_line' id='line_1_1' title="bbox 1178 456 3311 533; baseline -0 -16"><span class='ocrx_word' id='word_1_1' title='bbox 1178 458 1552 533; x_wconf 71' lang='lat' dir='ltr'><strong>Episcopatus</strong></span> <span class='ocrx_word' id='word_1_2' title='bbox 1586 456 1858 517; x_wconf 70' lang='lat' dir='ltr'><strong>Ostiensis</strong></span> <span class='ocrx_word' id='word_1_3' title='bbox 1896 491 1961 502; x_wconf 95' lang='lat'><strong>—</strong></span> <span class='ocrx_word' id='word_1_4' title='bbox 1998 457 2214 517; x_wconf 87' lang='lat' dir='ltr'>Civitas</span> <span class='ocrx_word' id='word_1_5' title='bbox 2248 456 2534 517; x_wconf 70' lang='lat' dir='ltr'>Ostiensis.</span> <span class='ocrx_word' id='word_1_6' title='bbox 3236 465 3311 528; x_wconf 87' lang='lat'>15</span> 
     </span>
    </p>
   </div>
   <div class='ocr_carea' id='block_1_2' title="bbox 434 634 3318 1448">
    <p class='ocr_par' dir='ltr' id='par_1_2' title="bbox 434 634 3318 1448">
     <span class='ocr_line' id='line_1_2' title="bbox 650 634 3314 722; baseline 0 -19"><span class='ocrx_word' id='word_1_7' title='bbox 650 637 887 703; x_wconf 83' lang='lat' dir='ltr'>Misera</span> <span class='ocrx_word' id='word_1_8' title='bbox 948 637 1239 722; x_wconf 90' lang='lat' dir='ltr'>profecto</span> <span class='ocrx_word' id='word_1_9' title='bbox 1296 644 1469 702; x_wconf 80' lang='lat' dir='ltr'>sorte</span> <span class='ocrx_word' id='word_1_10' title='bbox 1524 636 1839 701; x_wconf 81' lang='lat' dir='ltr'>Ostiensis</span> <span class='ocrx_word' id='word_1_11' title='bbox 1896 636 2207 702; x_wconf 90' lang='lat' dir='ltr'>ecclesiae</span> <span class='ocrx_word' id='word_1_12' title='bbox 2269 634 2534 701; x_wconf 90' lang='lat' dir='ltr'>historia</span> <span class='ocrx_word' id='word_1_13' title='bbox 2592 637 2832 704; x_wconf 83' lang='lat' dir='ltr'>afflicta</span> <span class='ocrx_word' id='word_1_14' title='bbox 2879 646 3004 714; x_wconf 88' lang='lat' dir='ltr'>est;</span> <span class='ocrx_word' id='word_1_15' title='bbox 3069 639 3314 703; x_wconf 90' lang='lat' dir='ltr'>nullum</span> 
     </span>
     <span class='ocr_line' id='line_1_3' title="bbox 434 741 3317 828; baseline 0 -21"><span class='ocrx_word' id='word_1_16' title='bbox 434 744 605 807; x_wconf 91' lang='lat' dir='ltr'>enim</span> <span class='ocrx_word' id='word_1_17' title='bbox 650 742 978 807; x_wconf 81' lang='lat' dir='ltr'><strong>archivum</strong></span> <span class='ocrx_word' id='word_1_18' title='bbox 1026 748 1160 807; x_wconf 86' lang='lat' dir='ltr'>tum</span> <span class='ocrx_word' id='word_1_19' title='bbox 1216 743 1625 826; x_wconf 90' lang='lat' dir='ltr'>episcopatus</span> <span class='ocrx_word' id='word_1_20' title='bbox 1671 747 1804 805; x_wconf 90' lang='lat' dir='ltr'>tum</span> <span class='ocrx_word' id='word_1_21' title='bbox 1850 742 2125 806; x_wconf 89' lang='lat' dir='ltr'>civitatis</span> <span class='ocrx_word' id='word_1_22' title='bbox 2168 746 2398 825; x_wconf 88' lang='lat' dir='ltr'>restat,</span> <span class='ocrx_word' id='word_1_23' title='bbox 2455 741 2629 827; x_wconf 91' lang='lat' dir='ltr'>quod</span> <span class='ocrx_word' id='word_1_24' title='bbox 2673 743 2936 827; x_wconf 86' lang='lat' dir='ltr'>antiqua</span> <span class='ocrx_word' id='word_1_25' title='bbox 2979 743 3317 828; x_wconf 86' lang='lat' dir='ltr'>privilegia</span> 
     </span>
     <span class='ocr_line' id='line_1_4' title="bbox 434 844 3316 930; baseline 0.001 -20"><span class='ocrx_word' id='word_1_26' title='bbox 434 845 683 911; x_wconf 83' lang='lat' dir='ltr'>revelet</span> <span class='ocrx_word' id='word_1_27' title='bbox 738 844 849 930; x_wconf 86' lang='lat' dir='ltr'>(cf.</span> <span class='ocrx_word' id='word_1_28' title='bbox 896 845 1263 911; x_wconf 85' lang='lat' dir='ltr'>Bethmann</span> <span class='ocrx_word' id='word_1_29' title='bbox 1317 847 1383 909; x_wconf 89' lang='lat' dir='ltr'>in</span> <span class='ocrx_word' id='word_1_30' title='bbox 1435 846 1677 910; x_wconf 82' lang='lat' dir='ltr'><strong>Archiv</strong></span> <span class='ocrx_word' id='word_1_31' title='bbox 1729 845 1866 909; x_wconf 89' lang='lat' dir='ltr'>XII</span> <span class='ocrx_word' id='word_1_32' title='bbox 1918 844 2092 930; x_wconf 83' lang='lat'>480).</span> <span class='ocrx_word' id='word_1_33' title='bbox 2193 844 2504 911; x_wconf 80' lang='lat' dir='ltr'>Attamen</span> <span class='ocrx_word' id='word_1_34' title='bbox 2558 847 2923 911; x_wconf 82' lang='lat' dir='ltr'>Ostiensem</span> <span class='ocrx_word' id='word_1_35' title='bbox 2976 847 3316 912; x_wconf 90' lang='lat' dir='ltr'>ecclesiam</span> 
     </span>
     <span class='ocr_line' id='line_1_5' title="bbox 434 948 3316 1039; baseline 0 -24"><span class='ocrx_word' id='word_1_36' title='bbox 434 972 474 1015; x_wconf 91' lang='lat' dir='ltr'>a</span> <span class='ocrx_word' id='word_1_37' title='bbox 517 950 828 1014; x_wconf 86' lang='lat' dir='ltr'>Romanis</span> <span class='ocrx_word' id='word_1_38' title='bbox 870 948 1275 1034; x_wconf 88' lang='lat' dir='ltr'>pontificibus</span> <span class='ocrx_word' id='word_1_39' title='bbox 1329 949 1738 1039; x_wconf 79' lang='lat' dir='ltr'>amplissimis</span> <span class='ocrx_word' id='word_1_40' title='bbox 1801 948 2152 1034; x_wconf 83' lang='lat' dir='ltr'>privilegiis</span> <span class='ocrx_word' id='word_1_41' title='bbox 2197 949 2392 1014; x_wconf 85' lang='lat' dir='ltr'>fuisse</span> <span class='ocrx_word' id='word_1_42' title='bbox 2437 950 2872 1033; x_wconf 79' lang='lat' dir='ltr'>honestatam,</span> <span class='ocrx_word' id='word_1_43' title='bbox 2932 972 3015 1016; x_wconf 82' lang='lat' dir='ltr'>ex</span> <span class='ocrx_word' id='word_1_44' title='bbox 3059 972 3129 1016; x_wconf 92' lang='lat' dir='ltr'>re</span> <span class='ocrx_word' id='word_1_45' title='bbox 3177 953 3316 1035; x_wconf 91' lang='lat' dir='ltr'>ipsa</span> 
     </span>
     <span class='ocr_line' id='line_1_6' title="bbox 436 1052 3314 1138; baseline 0 -21"><span class='ocrx_word' id='word_1_46' title='bbox 436 1053 851 1118; x_wconf 81' lang='lat' dir='ltr'>manifestum</span> <span class='ocrx_word' id='word_1_47' title='bbox 920 1060 1036 1118; x_wconf 90' lang='lat' dir='ltr'>est.</span> <span class='ocrx_word' id='word_1_48' title='bbox 1145 1052 1536 1119; x_wconf 88' lang='lat' dir='ltr'>Benedictus</span> <span class='ocrx_word' id='word_1_49' title='bbox 1588 1052 1687 1116; x_wconf 89' lang='lat' dir='ltr'>IX</span> <span class='ocrx_word' id='word_1_50' title='bbox 1755 1073 2011 1138; x_wconf 88' lang='lat' dir='ltr'>quoque</span> <span class='ocrx_word' id='word_1_51' title='bbox 2079 1054 2147 1116; x_wconf 92' lang='lat' dir='ltr'>in</span> <span class='ocrx_word' id='word_1_52' title='bbox 2212 1052 2549 1138; x_wconf 83' lang='lat' dir='ltr'>privilegio</span> <span class='ocrx_word' id='word_1_53' title='bbox 2630 1075 2743 1118; x_wconf 91' lang='lat' dir='ltr'>suo</span> <span class='ocrx_word' id='word_1_54' title='bbox 2819 1075 2877 1120; x_wconf 91' lang='lat' dir='ltr'>a.</span> <span class='ocrx_word' id='word_1_55' title='bbox 2941 1058 3102 1120; x_wconf 89' lang='lat'>1037</span> <span class='ocrx_word' id='word_1_56' title='bbox 3171 1076 3314 1120; x_wconf 92' lang='lat' dir='ltr'>nov.</span> 
     </span>
     <span class='ocr_line' id='line_1_7' title="bbox 443 1155 3318 1242; baseline 0 -21"><span class='ocrx_word' id='word_1_57' title='bbox 443 1157 756 1222; x_wconf 88' lang='lat' dir='ltr'>ecclesiae</span> <span class='ocrx_word' id='word_1_58' title='bbox 823 1179 872 1222; x_wconf 89' lang='lat' dir='ltr'>s.</span> <span class='ocrx_word' id='word_1_59' title='bbox 918 1156 1133 1222; x_wconf 83' lang='lat' dir='ltr'>Silvae</span> <span class='ocrx_word' id='word_1_60' title='bbox 1200 1155 1532 1222; x_wconf 80' lang='lat' dir='ltr'>Candidas</span> <span class='ocrx_word' id='word_1_61' title='bbox 1594 1178 1896 1222; x_wconf 91' lang='lat' dir='ltr'>concesso</span> <span class='ocrx_word' id='word_1_62' title='bbox 1968 1155 2115 1242; x_wconf 80' lang='lat' dir='ltr'>(JL.</span> <span class='ocrx_word' id='word_1_63' title='bbox 2165 1156 2362 1242; x_wconf 82' lang='lat'>4110)</span> <span class='ocrx_word' id='word_1_64' title='bbox 2429 1159 2751 1241; x_wconf 84' lang='lat' dir='ltr'>expressis</span> <span class='ocrx_word' id='word_1_65' title='bbox 2815 1158 3027 1222; x_wconf 89' lang='lat' dir='ltr'>verbis</span> <span class='ocrx_word' id='word_1_66' title='bbox 3085 1159 3167 1225; x_wconf 90' lang='lat' dir='ltr'>de</span> <span class='ocrx_word' id='word_1_67' title='bbox 3224 1161 3318 1224; x_wconf 87' lang='lat' dir='ltr'>eis</span> 
     </span>
     <span class='ocr_line' id='line_1_8' title="bbox 435 1259 3316 1346; baseline 0.001 -22"><span class='ocrx_word' id='word_1_68' title='bbox 435 1260 750 1345; x_wconf 90' lang='lat' dir='ltr'>loquitur,</span> <span class='ocrx_word' id='word_1_69' title='bbox 818 1262 1121 1346; x_wconf 90' lang='lat' dir='ltr'>episcopo</span> <span class='ocrx_word' id='word_1_70' title='bbox 1190 1260 1402 1325; x_wconf 83' lang='lat' dir='ltr'>Silvae</span> <span class='ocrx_word' id='word_1_71' title='bbox 1474 1259 1805 1327; x_wconf 84' lang='lat' dir='ltr'>Candidae</span> <span class='ocrx_word' id='word_1_72' title='bbox 1874 1259 1939 1324; x_wconf 91' lang='lat' dir='ltr'>id</span> <span class='ocrx_word' id='word_1_73' title='bbox 2006 1261 2414 1344; x_wconf 87' lang='lat' dir='ltr'>confirmans,</span> <span class='ocrx_word' id='word_1_74' title='bbox 2479 1260 2650 1346; x_wconf 90' lang='lat' dir='ltr'>quod</span> <span class='ocrx_word' id='word_1_75' title='bbox 2717 1267 3155 1327; x_wconf 88' lang='lat' dir='ltr'>antecessores</span> <span class='ocrx_word' id='word_1_76' title='bbox 3221 1266 3316 1327; x_wconf 89' lang='lat' dir='ltr'>sui</span> 
     </span>
     <span class='ocr_line' id='line_1_9' title="bbox 437 1363 2909 1448; baseline 0.001 -21"><span class='ocrx_word' id='word_1_77' title='bbox 437 1366 857 1429; x_wconf 89' lang='lat' dir='ltr'>sacrosanctis</span> <span class='ocrx_word' id='word_1_78' title='bbox 901 1363 1275 1448; x_wconf 88' lang='lat' dir='ltr'>Albanensi,</span> <span class='ocrx_word' id='word_1_79' title='bbox 1323 1363 1671 1430; x_wconf 88' lang='lat' dir='ltr'>Ostiensi</span> <span class='ocrx_word' id='word_1_80' title='bbox 1715 1370 1782 1429; x_wconf 90' lang='lat' dir='ltr'>et</span> <span class='ocrx_word' id='word_1_81' title='bbox 1825 1363 2166 1430; x_wconf 89' lang='lat' dir='ltr'>Portuensi</span> <span class='ocrx_word' id='word_1_82' title='bbox 2213 1366 2534 1448; x_wconf 91' lang='lat' dir='ltr'>episcopis</span> <span class='ocrx_word' id='word_1_83' title='bbox 2580 1364 2909 1430; x_wconf 88' lang='lat' dir='ltr'>dederant.</span> 
     </span>
    </p>
   </div>
   <div class='ocr_carea' id='block_1_3' title="bbox 435 1518 3318 1914">
    <p class='ocr_par' dir='ltr' id='par_1_3' title="bbox 435 1518 3316 1813">
     <span class='ocr_line' id='line_1_10' title="bbox 435 1518 3202 1587; baseline 0.002 -5"><span class='ocrx_word' id='word_1_84' title='bbox 435 1518 512 1582; x_wconf 77' lang='lat'>*1</span> <span class='ocrx_word' id='word_1_85' title='bbox 3074 1527 3202 1587; x_wconf 81' lang='lat'>336</span> 
     </span>
     <span class='ocr_line' id='line_1_11' title="bbox 435 1524 3316 1711; baseline 0.001 -23"><span class='ocrx_word' id='word_1_86' title='bbox 435 1623 743 1689; x_wconf 85' lang='lat' dir='ltr'>Marcus</span> <span class='ocrx_word' id='word_1_87' title='bbox 792 1624 1177 1709; x_wconf 82' lang='lat' dir='ltr'>„constituit,</span> <span class='ocrx_word' id='word_1_88' title='bbox 1224 1629 1296 1688; x_wconf 87' lang='lat' dir='ltr'>ut</span> <span class='ocrx_word' id='word_1_89' title='bbox 1326 1644 1427 1709; x_wconf 92' lang='lat' dir='ltr'>ep.</span> <span class='ocrx_word' id='word_1_90' title='bbox 1462 1623 1756 1708; x_wconf 87' lang='lat' dir='ltr'>Hostiae,</span> <span class='ocrx_word' id='word_1_91' title='bbox 1803 1625 1914 1709; x_wconf 92' lang='lat' dir='ltr'>qui</span> <span class='ocrx_word' id='word_1_92' title='bbox 1945 1630 2278 1689; x_wconf 90' lang='lat' dir='ltr'>consecrat</span> <span class='ocrx_word' id='word_1_93' title='bbox 2308 1626 2681 1709; x_wconf 89' lang='lat' dir='ltr'>episcopum</span> <span class='ocrx_word' id='word_1_94' title='bbox 2725 1626 2799 1707; x_wconf 79' lang='lat' dir='ltr'>(i.</span> <span class='ocrx_word' id='word_1_95' title='bbox 2824 1647 2875 1690; x_wconf 82' lang='lat' dir='ltr'>e.</span> <span class='ocrx_word' id='word_1_96' title='bbox 2909 1524 3316 1711; x_wconf 43' lang='lat' dir='ltr'>Ronianuin),</span> 
     </span>
     <span class='ocr_line' id='line_1_12' title="bbox 436 1726 3059 1813; baseline 0.001 -21"><span class='ocrx_word' id='word_1_97' title='bbox 436 1729 722 1813; x_wconf 90' lang='lat' dir='ltr'>palleum</span> <span class='ocrx_word' id='word_1_98' title='bbox 767 1734 1059 1794; x_wconf 88' lang='lat' dir='ltr'>uteretur</span> <span class='ocrx_word' id='word_1_99' title='bbox 1104 1734 1171 1793; x_wconf 88' lang='lat' dir='ltr'>et</span> <span class='ocrx_word' id='word_1_100' title='bbox 1214 1728 1296 1792; x_wconf 92' lang='lat' dir='ltr'>ab</span> <span class='ocrx_word' id='word_1_101' title='bbox 1343 1726 1573 1793; x_wconf 90' lang='lat' dir='ltr'>eodem</span> <span class='ocrx_word' id='word_1_102' title='bbox 1620 1730 1959 1813; x_wconf 88' lang='lat' dir='ltr'>episcopus</span> <span class='ocrx_word' id='word_1_103' title='bbox 2002 1727 2177 1792; x_wconf 90' lang='lat' dir='ltr'>urbis</span> <span class='ocrx_word' id='word_1_104' title='bbox 2219 1727 2471 1794; x_wconf 86' lang='lat' dir='ltr'>Romae</span> <span class='ocrx_word' id='word_1_105' title='bbox 2518 1729 3059 1796; x_wconf 82' lang='lat' dir='ltr'>consecraretur“.</span> 
     </span>
    </p>

    <p class='ocr_par' dir='ltr' id='par_1_4' title="bbox 645 1838 3318 1914">
     <span class='ocr_line' id='line_1_13' title="bbox 645 1838 3318 1914; baseline 0.002 -21"><span class='ocrx_word' id='word_1_106' title='bbox 645 1839 830 1895; x_wconf 73' lang='lat' dir='ltr'>Laud.</span> <span class='ocrx_word' id='word_1_107' title='bbox 865 1840 928 1909; x_wconf 77' lang='lat' dir='ltr'>in</span> <span class='ocrx_word' id='word_1_108' title='bbox 962 1840 1087 1895; x_wconf 79' lang='lat' dir='ltr'>Vita</span> <span class='ocrx_word' id='word_1_109' title='bbox 1123 1839 1307 1894; x_wconf 78' lang='lat' dir='ltr'>Marci</span> <span class='ocrx_word' id='word_1_110' title='bbox 1350 1839 1493 1908; x_wconf 80' lang='lat' dir='ltr'>(Lib.</span> <span class='ocrx_word' id='word_1_111' title='bbox 1519 1839 1724 1908; x_wconf 76' lang='lat' dir='ltr'>pontif.</span> <span class='ocrx_word' id='word_1_112' title='bbox 1760 1838 1838 1893; x_wconf 76' lang='lat' dir='ltr'>ed.</span> <span class='ocrx_word' id='word_1_113' title='bbox 1876 1838 2154 1893; x_wconf 72' lang='lat' dir='ltr'>Duchesnc</span> <span class='ocrx_word' id='word_1_114' title='bbox 2188 1838 2226 1892; x_wconf 89' lang='lat'><em>1</em></span> <span class='ocrx_word' id='word_1_115' title='bbox 2258 1844 2343 1894; x_wconf 89' lang='grc'>80.</span> <span class='ocrx_word' id='word_1_116' title='bbox 2380 1846 2459 1896; x_wconf 88' lang='grc'>81.</span> <span class='ocrx_word' id='word_1_117' title='bbox 2495 1846 2621 1905; x_wconf 82' lang='grc'><strong><em>202,·</em></strong></span> <span class='ocrx_word' id='word_1_118' title='bbox 2667 1840 2959 1896; x_wconf 73' lang='lat' dir='ltr'>Mommsen</span> <span class='ocrx_word' id='word_1_119' title='bbox 2984 1857 3042 1909; x_wconf 76' lang='lat' dir='ltr'>p.</span> <span class='ocrx_word' id='word_1_120' title='bbox 3072 1847 3146 1898; x_wconf 84' lang='lat'>73.</span> <span class='ocrx_word' id='word_1_121' title='bbox 3181 1845 3318 1914; x_wconf 79' lang='lat'><strong><em>247).</em></strong></span> 
     </span>
    </p>
   </div>
   <div class='ocr_carea' id='block_1_4' title="bbox 437 1927 950 1999">
    <p class='ocr_par' dir='ltr' id='par_1_5' title="bbox 437 1927 950 1999">
     <span class='ocr_line' id='line_1_14' title="bbox 437 1927 950 1999; baseline -0.004 -14"><span class='ocrx_word' id='word_1_122' title='bbox 437 1958 504 1968; x_wconf 90' lang='lat'><strong>—</strong></span> <span class='ocrx_word' id='word_1_123' title='bbox 541 1927 672 1999; x_wconf 61' lang='grc' dir='ltr'><strong><em>περ.</em></strong></span> <span class='ocrx_word' id='word_1_124' title='bbox 708 1927 830 1984; x_wconf 79' lang='lat' dir='ltr'>JK.</span> <span class='ocrx_word' id='word_1_125' title='bbox 868 1957 950 1983; x_wconf 91' lang='lat'>-.</span> 
     </span>
    </p>
   </div>
   <div class='ocr_carea' id='block_1_5' title="bbox 433 2069 3318 2445">
    <p class='ocr_par' dir='ltr' id='par_1_6' title="bbox 433 2069 3318 2445">
     <span class='ocr_line' id='line_1_15' title="bbox 433 2070 3203 2133; baseline 0 0"><span class='ocrx_word' id='word_1_126' title='bbox 433 2070 479 2133; x_wconf 83' lang='lat'><em>2</em></span> <span class='ocrx_word' id='word_1_127' title='bbox 2903 2070 3203 2133; x_wconf 79' lang='lat'><em>494—95</em></span> 
     </span>
     <span class='ocr_line' id='line_1_16' title="bbox 437 2069 3318 2257; baseline 0 -21"><span class='ocrx_word' id='word_1_128' title='bbox 437 2170 809 2237; x_wconf 89' lang='lat' dir='ltr'>Gelasius</span> <span class='ocrx_word' id='word_1_129' title='bbox 838 2169 872 2234; x_wconf 93' lang='lat'>1</span> <span class='ocrx_word' id='word_1_130' title='bbox 901 2168 1216 2235; x_wconf 86' lang='lat' dir='ltr'>Bellatori</span> <span class='ocrx_word' id='word_1_131' title='bbox 1238 2190 1368 2253; x_wconf 89' lang='lat' dir='ltr'>ep.:</span> <span class='ocrx_word' id='word_1_132' title='bbox 1403 2169 1736 2254; x_wconf 86' lang='lat' dir='ltr'>praecipit,</span> <span class='ocrx_word' id='word_1_133' title='bbox 1767 2175 1839 2235; x_wconf 88' lang='lat' dir='ltr'>ut</span> <span class='ocrx_word' id='word_1_134' title='bbox 1865 2170 2216 2235; x_wconf 89' lang='lat' dir='ltr'>Laurentio</span> <span class='ocrx_word' id='word_1_135' title='bbox 2248 2168 2757 2257; x_wconf 89' lang='lat' dir='ltr'>(archidiacono)</span> <span class='ocrx_word' id='word_1_136' title='bbox 2780 2069 2994 2238; x_wconf 49' lang='lat' dir='ltr'>serCet</span> <span class='ocrx_word' id='word_1_137' title='bbox 3021 2072 3318 2256; x_wconf 63' lang='lat' dir='ltr'>cano1ies,</span> 
     </span>
     <span class='ocr_line' id='line_1_17' title="bbox 437 2273 3317 2360; baseline 0.001 -22"><span class='ocrx_word' id='word_1_138' title='bbox 437 2275 590 2341; x_wconf 90' lang='lat' dir='ltr'>licet</span> <span class='ocrx_word' id='word_1_139' title='bbox 630 2275 884 2341; x_wconf 86' lang='lat' dir='ltr'>Maroni</span> <span class='ocrx_word' id='word_1_140' title='bbox 942 2294 1383 2359; x_wconf 89' lang='lat' dir='ltr'>quaecumque</span> <span class='ocrx_word' id='word_1_141' title='bbox 1443 2274 1570 2337; x_wconf 88' lang='lat' dir='ltr'>sint</span> <span class='ocrx_word' id='word_1_142' title='bbox 1626 2295 1741 2357; x_wconf 90' lang='lat' dir='ltr'>pro</span> <span class='ocrx_word' id='word_1_143' title='bbox 1799 2273 2179 2339; x_wconf 86' lang='lat' dir='ltr'>utilitatibus</span> <span class='ocrx_word' id='word_1_144' title='bbox 2224 2274 2673 2339; x_wconf 90' lang='lat' dir='ltr'>ecclesiasticis</span> <span class='ocrx_word' id='word_1_145' title='bbox 2717 2276 3099 2360; x_wconf 86' lang='lat' dir='ltr'>exequenda</span> <span class='ocrx_word' id='word_1_146' title='bbox 3144 2297 3317 2341; x_wconf 91' lang='lat' dir='ltr'>com-</span> 
     </span>
     <span class='ocr_line' id='line_1_18' title="bbox 438 2377 1540 2445; baseline -0.002 -2"><span class='ocrx_word' id='word_1_147' title='bbox 438 2381 670 2445; x_wconf 89' lang='lat' dir='ltr'>mittat.</span> <span class='ocrx_word' id='word_1_148' title='bbox 717 2418 802 2426; x_wconf 95' lang='lat'>—-</span> <span class='ocrx_word' id='word_1_149' title='bbox 844 2377 994 2441; x_wconf 88' lang='lat' dir='ltr'>Non</span> <span class='ocrx_word' id='word_1_150' title='bbox 1037 2377 1244 2442; x_wconf 92' lang='lat' dir='ltr'>solum</span> <span class='ocrx_word' id='word_1_151' title='bbox 1288 2378 1540 2442; x_wconf 91' lang='lat' dir='ltr'>vetusti.</span> 
     </span>
    </p>
   </div>
   <div class='ocr_carea' id='block_1_6' title="bbox 437 2469 3321 2630">
    <p class='ocr_par' dir='ltr' id='par_1_7' title="bbox 437 2469 3321 2630">
     <span class='ocr_line' id='line_1_19' title="bbox 647 2469 3321 2562; baseline 0.001 -19"><span class='ocrx_word' id='word_1_152' title='bbox 647 2488 775 2543; x_wconf 78' lang='lat'><strong><em>0011.</em></strong></span> <span class='ocrx_word' id='word_1_153' title='bbox 812 2487 979 2542; x_wconf 62' lang='grc' dir='ltr'><strong><em>Βήιι.</em></strong></span> <span class='ocrx_word' id='word_1_154' title='bbox 1024 2486 1224 2541; x_wconf 60' lang='lat' dir='ltr'>Getasa</span> <span class='ocrx_word' id='word_1_155' title='bbox 1258 2487 1301 2540; x_wconf 88' lang='lat'><strong><em>1</em></strong></span> <span class='ocrx_word' id='word_1_156' title='bbox 1329 2503 1409 2554; x_wconf 64' lang='lat' dir='ltr'>ep.</span> <span class='ocrx_word' id='word_1_157' title='bbox 1446 2494 1524 2542; x_wconf 80' lang='lat'>26.</span> <span class='ocrx_word' id='word_1_158' title='bbox 1576 2517 1643 2527; x_wconf 89' lang='lat'><strong>—</strong></span> <span class='ocrx_word' id='word_1_159' title='bbox 1693 2485 1805 2542; x_wconf 80' lang='grc' dir='ltr'><strong><em>Εα.</em></strong></span> <span class='ocrx_word' id='word_1_160' title='bbox 1843 2487 2183 2553; x_wconf 67' lang='lat' dir='ltr'>Lommfem</span> <span class='ocrx_word' id='word_1_161' title='bbox 2225 2488 2369 2558; x_wconf 68' lang='lat' dir='ltr'>Dpp.</span> <span class='ocrx_word' id='word_1_162' title='bbox 2399 2506 2460 2559; x_wconf 71' lang='lat' dir='ltr'>p.</span> <span class='ocrx_word' id='word_1_163' title='bbox 2494 2495 2528 2544; x_wconf 86' lang='lat'><strong><em>8</em></strong></span> <span class='ocrx_word' id='word_1_164' title='bbox 2579 2497 2739 2545; x_wconf 74' lang='lat' dir='ltr'>n.14.</span> <span class='ocrx_word' id='word_1_165' title='bbox 2791 2520 2858 2530; x_wconf 89' lang='lat'><strong>—</strong></span> <span class='ocrx_word' id='word_1_166' title='bbox 2912 2490 3083 2562; x_wconf 63' lang='lat' dir='ltr'>Rem·</span> <span class='ocrx_word' id='word_1_167' title='bbox 3128 2469 3321 2545; x_wconf 72' lang='grc' dir='ltr'><em>Ε’ωαια</em></span> 
     </span>
     <span class='ocr_line' id='line_1_20' title="bbox 437 2571 1534 2630; baseline -0.002 0"><span class='ocrx_word' id='word_1_168' title='bbox 437 2575 499 2629; x_wconf 75' lang='lat' dir='ltr'>in</span> <span class='ocrx_word' id='word_1_169' title='bbox 536 2574 606 2630; x_wconf 88' lang='lat' dir='ltr'>N.</span> <span class='ocrx_word' id='word_1_170' title='bbox 634 2573 830 2629; x_wconf 71' lang='lat' dir='ltr'>Archiv</span> <span class='ocrx_word' id='word_1_171' title='bbox 864 2571 910 2627; x_wconf 83' lang='lat' dir='ltr'><strong><em>V</em></strong></span> <span class='ocrx_word' id='word_1_172' title='bbox 940 2582 1033 2628; x_wconf 84' lang='grc'>616</span> <span class='ocrx_word' id='word_1_173' title='bbox 1064 2590 1121 2627; x_wconf 77' lang='lat' dir='ltr'>n.</span> <span class='ocrx_word' id='word_1_174' title='bbox 1146 2580 1224 2628; x_wconf 86' lang='lat'>26.</span> <span class='ocrx_word' id='word_1_175' title='bbox 1261 2572 1384 2628; x_wconf 87' lang='lat' dir='ltr'>JK.</span> <span class='ocrx_word' id='word_1_176' title='bbox 1420 2580 1534 2628; x_wconf 80' lang='lat'><strong><em>662.</em></strong></span> 
     </span>
    </p>
   </div>
   <div class='ocr_carea' id='block_1_7' title="bbox 648 2665 3320 2911">
    <p class='ocr_par' dir='ltr' id='par_1_8' title="bbox 648 2665 3320 2911">
     <span class='ocr_line' id='line_1_21' title="bbox 817 2665 3320 2742; baseline 0.002 -20"><span class='ocrx_word' id='word_1_177' title='bbox 817 2668 1099 2723; x_wconf 83' lang='lat' dir='ltr'>Adnotare</span> <span class='ocrx_word' id='word_1_178' title='bbox 1147 2665 1332 2732; x_wconf 87' lang='lat' dir='ltr'>iuvat,</span> <span class='ocrx_word' id='word_1_179' title='bbox 1377 2666 1792 2738; x_wconf 81' lang='lat' dir='ltr'>Gregorium</span> <span class='ocrx_word' id='word_1_180' title='bbox 1828 2668 1853 2721; x_wconf 95' lang='lat' dir='ltr'>I</span> <span class='ocrx_word' id='word_1_181' title='bbox 1906 2685 1954 2722; x_wconf 84' lang='lat' dir='ltr'>a.</span> <span class='ocrx_word' id='word_1_182' title='bbox 1992 2669 2096 2724; x_wconf 87' lang='lat'>598</span> <span class='ocrx_word' id='word_1_183' title='bbox 2147 2667 2448 2739; x_wconf 83' lang='lat' dir='ltr'>epistolam</span> <span class='ocrx_word' id='word_1_184' title='bbox 2496 2688 2598 2741; x_wconf 88' lang='lat' dir='ltr'>pro</span> <span class='ocrx_word' id='word_1_185' title='bbox 2646 2670 2912 2742; x_wconf 86' lang='lat' dir='ltr'>Gregorio</span> <span class='ocrx_word' id='word_1_186' title='bbox 2964 2673 3320 2742; x_wconf 80' lang='lat' dir='ltr'>expraefecto</span> 
     </span>
     <span class='ocr_line' id='line_1_22' title="bbox 648 2751 3318 2828; baseline 0.001 -18"><span class='ocrx_word' id='word_1_187' title='bbox 648 2755 721 2810; x_wconf 83' lang='lat' dir='ltr'>ad</span> <span class='ocrx_word' id='word_1_188' title='bbox 757 2753 1001 2809; x_wconf 87' lang='lat' dir='ltr'>diversos</span> <span class='ocrx_word' id='word_1_189' title='bbox 1036 2752 1330 2823; x_wconf 88' lang='lat' dir='ltr'>episcopos</span> <span class='ocrx_word' id='word_1_190' title='bbox 1356 2751 1659 2822; x_wconf 87' lang='lat' dir='ltr'>scripsisse,</span> <span class='ocrx_word' id='word_1_191' title='bbox 1696 2752 1844 2808; x_wconf 89' lang='lat' dir='ltr'>inter</span> <span class='ocrx_word' id='word_1_192' title='bbox 1877 2770 2016 2822; x_wconf 89' lang='lat' dir='ltr'>quos</span> <span class='ocrx_word' id='word_1_193' title='bbox 2052 2753 2124 2809; x_wconf 84' lang='lat' dir='ltr'>ad</span> <span class='ocrx_word' id='word_1_194' title='bbox 2149 2754 2460 2810; x_wconf 88' lang='lat' dir='ltr'>Gloriosum</span> <span class='ocrx_word' id='word_1_195' title='bbox 2485 2756 2795 2812; x_wconf 88' lang='lat' dir='ltr'>Ostiensem</span> <span class='ocrx_word' id='word_1_196' title='bbox 2832 2756 2989 2827; x_wconf 85' lang='lat' dir='ltr'>(Reg.</span> <span class='ocrx_word' id='word_1_197' title='bbox 3016 2756 3268 2828; x_wconf 82' lang='lat' dir='ltr'>Gregorii</span> <span class='ocrx_word' id='word_1_198' title='bbox 3293 2760 3318 2812; x_wconf 96' lang='lat' dir='ltr'>I</span> 
     </span>
     <span class='ocr_line' id='line_1_23' title="bbox 648 2838 1702 2911; baseline -0.001 -15"><span class='ocrx_word' id='word_1_199' title='bbox 648 2842 744 2897; x_wconf 90' lang='lat' dir='ltr'>lib.</span> <span class='ocrx_word' id='word_1_200' title='bbox 770 2841 848 2895; x_wconf 88' lang='lat' dir='ltr'>IX</span> <span class='ocrx_word' id='word_1_201' title='bbox 884 2857 972 2911; x_wconf 89' lang='lat' dir='ltr'>ep.</span> <span class='ocrx_word' id='word_1_202' title='bbox 995 2842 1080 2896; x_wconf 81' lang='lat'>45.</span> <span class='ocrx_word' id='word_1_203' title='bbox 1115 2840 1167 2895; x_wconf 87' lang='lat' dir='ltr'>J.</span> <span class='ocrx_word' id='word_1_204' title='bbox 1207 2839 1355 2894; x_wconf 80' lang='lat'>1173.</span> <span class='ocrx_word' id='word_1_205' title='bbox 1392 2838 1487 2893; x_wconf 85' lang='lat' dir='ltr'>JE.</span> <span class='ocrx_word' id='word_1_206' title='bbox 1526 2840 1702 2905; x_wconf 86' lang='grc'><strong><em>1569).</em></strong></span> 
     </span>
    </p>
   </div>
   <div class='ocr_carea' id='block_1_8' title="bbox 439 2924 3320 3414">
    <p class='ocr_par' dir='ltr' id='par_1_9' title="bbox 439 2924 3320 3414">
     <span class='ocr_line' id='line_1_24' title="bbox 440 2924 3229 3010; baseline 0.001 -17"><span class='ocrx_word' id='word_1_207' title='bbox 440 2929 522 2993; x_wconf 81' lang='grc'>*3</span> <span class='ocrx_word' id='word_1_208' title='bbox 2146 2924 2149 2929; x_wconf 63' lang='grc'><strong><em>’</em></strong></span> <span class='ocrx_word' id='word_1_209' title='bbox 2320 2928 2528 2993; x_wconf 83' lang='lat' dir='ltr'>Roma</span> <span class='ocrx_word' id='word_1_210' title='bbox 2577 2928 2645 2994; x_wconf 84' lang='lat' dir='ltr'>S.</span> <span class='ocrx_word' id='word_1_211' title='bbox 2680 2928 2895 2994; x_wconf 79' lang='lat' dir='ltr'>Pictro</span> <span class='ocrx_word' id='word_1_212' title='bbox 2940 2930 3066 2994; x_wconf 75' lang='lat'>964</span> <span class='ocrx_word' id='word_1_213' title='bbox 3109 2931 3229 3010; x_wconf 83' lang='lat' dir='ltr'>seb.</span> 
     </span>
     <span class='ocr_line' id='line_1_25' title="bbox 440 3028 3317 3119; baseline 0.002 -22"><span class='ocrx_word' id='word_1_214' title='bbox 440 3033 834 3100; x_wconf 92' lang='lat' dir='ltr'>Iohannes</span> <span class='ocrx_word' id='word_1_215' title='bbox 875 3030 1015 3096; x_wconf 88' lang='lat' dir='ltr'>XII</span> <span class='ocrx_word' id='word_1_216' title='bbox 1070 3031 1138 3094; x_wconf 90' lang='lat' dir='ltr'>in</span> <span class='ocrx_word' id='word_1_217' title='bbox 1191 3029 1440 3095; x_wconf 90' lang='lat' dir='ltr'>concilii</span> <span class='ocrx_word' id='word_1_218' title='bbox 1501 3028 1779 3096; x_wconf 88' lang='lat' dir='ltr'>Romani</span> <span class='ocrx_word' id='word_1_219' title='bbox 1836 3032 2088 3098; x_wconf 89' lang='lat' dir='ltr'>actione</span> <span class='ocrx_word' id='word_1_220' title='bbox 2145 3032 2333 3098; x_wconf 89' lang='lat' dir='ltr'>tertia</span> <span class='ocrx_word' id='word_1_221' title='bbox 2379 3030 2676 3098; x_wconf 90' lang='lat' dir='ltr'>Siconem</span> <span class='ocrx_word' id='word_1_222' title='bbox 2721 3055 2854 3118; x_wconf 87' lang='lat' dir='ltr'>ep.,</span> <span class='ocrx_word' id='word_1_223' title='bbox 2918 3036 3025 3119; x_wconf 90' lang='lat' dir='ltr'>qui</span> <span class='ocrx_word' id='word_1_224' title='bbox 3073 3036 3317 3102; x_wconf 91' lang='lat' dir='ltr'>Ostien.</span> 
     </span>
     <span class='ocr_line' id='line_1_26' title="bbox 441 3136 3319 3228; baseline -0 -25"><span class='ocrx_word' id='word_1_225' title='bbox 441 3141 754 3207; x_wconf 86' lang='lat' dir='ltr'>ecclesiae</span> <span class='ocrx_word' id='word_1_226' title='bbox 810 3140 1250 3228; x_wconf 88' lang='lat' dir='ltr'>irregulariter</span> <span class='ocrx_word' id='word_1_227' title='bbox 1304 3136 1584 3222; x_wconf 84' lang='lat' dir='ltr'>praefuit</span> <span class='ocrx_word' id='word_1_228' title='bbox 1641 3142 1708 3201; x_wconf 89' lang='lat' dir='ltr'>et</span> <span class='ocrx_word' id='word_1_229' title='bbox 1762 3137 2050 3202; x_wconf 91' lang='lat' dir='ltr'>Leonem</span> <span class='ocrx_word' id='word_1_230' title='bbox 2110 3138 2417 3201; x_wconf 88' lang='lat' dir='ltr'>curialem</span> <span class='ocrx_word' id='word_1_231' title='bbox 2473 3143 2539 3200; x_wconf 91' lang='lat' dir='ltr'>et</span> <span class='ocrx_word' id='word_1_232' title='bbox 2582 3137 2815 3202; x_wconf 90' lang='lat' dir='ltr'>laicum</span> <span class='ocrx_word' id='word_1_233' title='bbox 2860 3139 2925 3202; x_wconf 93' lang='lat' dir='ltr'>in</span> <span class='ocrx_word' id='word_1_234' title='bbox 2969 3139 3319 3222; x_wconf 88' lang='lat' dir='ltr'>pontificali</span> 
     </span>
     <span class='ocr_line' id='line_1_27' title="bbox 439 3240 3320 3329; baseline 0 -21"><span class='ocrx_word' id='word_1_235' title='bbox 439 3245 683 3310; x_wconf 89' lang='lat' dir='ltr'>honore</span> <span class='ocrx_word' id='word_1_236' title='bbox 729 3246 1216 3329; x_wconf 85' lang='lat' dir='ltr'>consecraverit,</span> <span class='ocrx_word' id='word_1_237' title='bbox 1263 3243 1436 3308; x_wconf 90' lang='lat' dir='ltr'>omni</span> <span class='ocrx_word' id='word_1_238' title='bbox 1480 3242 1832 3307; x_wconf 88' lang='lat' dir='ltr'>ministerio</span> <span class='ocrx_word' id='word_1_239' title='bbox 1879 3240 2262 3306; x_wconf 88' lang='lat' dir='ltr'>sacerdotali</span> <span class='ocrx_word' id='word_1_240' title='bbox 2308 3261 2528 3307; x_wconf 87' lang='lat' dir='ltr'>carere</span> <span class='ocrx_word' id='word_1_241' title='bbox 2579 3248 2774 3327; x_wconf 88' lang='lat' dir='ltr'>atque</span> <span class='ocrx_word' id='word_1_242' title='bbox 2819 3244 3136 3326; x_wconf 88' lang='lat' dir='ltr'>privatum</span> <span class='ocrx_word' id='word_1_243' title='bbox 3183 3242 3320 3308; x_wconf 84' lang='lat' dir='ltr'>fore</span> 
     </span>
     <span class='ocr_line' id='line_1_28' title="bbox 441 3351 682 3414; baseline 0.012 -3"><span class='ocrx_word' id='word_1_244' title='bbox 441 3351 682 3414; x_wconf 80' lang='lat' dir='ltr'>statuit.</span> 
     </span>
    </p>
   </div>
   <div class='ocr_carea' id='block_1_9' title="bbox 442 3455 3323 3615">
    <p class='ocr_par' dir='ltr' id='par_1_10' title="bbox 442 3455 3323 3615">
     <span class='ocr_line' id='line_1_29' title="bbox 645 3455 3323 3516; baseline -0.001 0"><span class='ocrx_word' id='word_1_245' title='bbox 645 3461 788 3515; x_wconf 78' lang='lat' dir='ltr'>Acta</span> <span class='ocrx_word' id='word_1_246' title='bbox 830 3461 1044 3516; x_wconf 76' lang='lat' dir='ltr'>concilii</span> <span class='ocrx_word' id='word_1_247' title='bbox 1086 3458 1207 3514; x_wconf 77' lang='lat' dir='ltr'>edd.</span> <span class='ocrx_word' id='word_1_248' title='bbox 1246 3457 1526 3513; x_wconf 68' lang='lat' dir='ltr'>Baronius</span> <span class='ocrx_word' id='word_1_249' title='bbox 1570 3457 1718 3512; x_wconf 63' lang='lat' dir='ltr'>Ami.</span> <span class='ocrx_word' id='word_1_250' title='bbox 1764 3455 1838 3510; x_wconf 79' lang='lat' dir='ltr'>ad</span> <span class='ocrx_word' id='word_1_251' title='bbox 1880 3473 1933 3511; x_wconf 88' lang='grc' dir='ltr'><strong><em>α.</em></strong></span> <span class='ocrx_word' id='word_1_252' title='bbox 1969 3464 2071 3512; x_wconf 81' lang='grc'>964</span> <span class='ocrx_word' id='word_1_253' title='bbox 2113 3472 2155 3510; x_wconf 88' lang='lat' dir='ltr'>c.</span> <span class='ocrx_word' id='word_1_254' title='bbox 2196 3460 2269 3510; x_wconf 87' lang='lat'>13.</span> <span class='ocrx_word' id='word_1_255' title='bbox 2345 3456 2536 3510; x_wconf 71' lang='lat' dir='ltr'>Man-si</span> <span class='ocrx_word' id='word_1_256' title='bbox 2587 3456 2816 3512; x_wconf 86' lang='lat' dir='ltr'><strong><em>XVIII</em></strong></span> <span class='ocrx_word' id='word_1_257' title='bbox 2847 3465 2956 3513; x_wconf 79' lang='lat'><strong><em>471.</em></strong></span> <span class='ocrx_word' id='word_1_258' title='bbox 3036 3457 3323 3513; x_wconf 69' lang='lat' dir='ltr'>Wattericlz</span> 
     </span>
     <span class='ocr_line' id='line_1_30' title="bbox 442 3543 2573 3615; baseline -0.001 -15"><span class='ocrx_word' id='word_1_259' title='bbox 442 3550 483 3601; x_wconf 95' lang='lat' dir='ltr'><em>I</em></span> <span class='ocrx_word' id='word_1_260' title='bbox 512 3554 623 3603; x_wconf 82' lang='grc'><strong><em>677.</em></strong></span> <span class='ocrx_word' id='word_1_261' title='bbox 681 3547 833 3602; x_wconf 71' lang='lat' dir='ltr'>Mon.</span> <span class='ocrx_word' id='word_1_262' title='bbox 878 3547 1054 3603; x_wconf 79' lang='lat' dir='ltr'>Germ.</span> <span class='ocrx_word' id='word_1_263' title='bbox 1095 3546 1275 3601; x_wconf 74' lang='lat' dir='ltr'>Gon-st.</span> <span class='ocrx_word' id='word_1_264' title='bbox 1312 3544 1355 3600; x_wconf 95' lang='lat' dir='ltr'><strong><em>I</em></strong></span> <span class='ocrx_word' id='word_1_265' title='bbox 1377 3551 1489 3601; x_wconf 75' lang='lat'><strong><em>532.</em></strong></span> <span class='ocrx_word' id='word_1_266' title='bbox 1528 3574 1592 3583; x_wconf 94' lang='lat'><strong>—</strong></span> <span class='ocrx_word' id='word_1_267' title='bbox 1629 3543 1790 3615; x_wconf 73' lang='lat' dir='ltr'>Reqy.</span> <span class='ocrx_word' id='word_1_268' title='bbox 1828 3544 1883 3599; x_wconf 89' lang='lat' dir='ltr'>J.</span> <span class='ocrx_word' id='word_1_269' title='bbox 1911 3559 1970 3611; x_wconf 77' lang='lat' dir='ltr'>p.</span> <span class='ocrx_word' id='word_1_270' title='bbox 2000 3549 2114 3599; x_wconf 87' lang='lat'><strong><em>323.</em></strong></span> <span class='ocrx_word' id='word_1_271' title='bbox 2172 3543 2280 3598; x_wconf 82' lang='lat' dir='ltr'>JL.</span> <span class='ocrx_word' id='word_1_272' title='bbox 2320 3543 2363 3596; x_wconf 91' lang='lat' dir='ltr'><strong><em>I</em></strong></span> <span class='ocrx_word' id='word_1_273' title='bbox 2383 3561 2435 3611; x_wconf 81' lang='lat' dir='ltr'>p.</span> <span class='ocrx_word' id='word_1_274' title='bbox 2461 3550 2573 3599; x_wconf 79' lang='grc'><strong><em>467.</em></strong></span> 
     </span>
    </p>
   </div>
   <div class='ocr_carea' id='block_1_10' title="bbox 439 3669 3324 4064">
    <p class='ocr_par' dir='ltr' id='par_1_11' title="bbox 439 3669 3324 4064">
     <span class='ocr_line' id='line_1_31' title="bbox 3036 3669 3206 3730; baseline 0 0"><span class='ocrx_word' id='word_1_275' title='bbox 3036 3671 3121 3730; x_wconf 89' lang='grc'>10</span> <span class='ocrx_word' id='word_1_276' title='bbox 3166 3669 3206 3730; x_wconf 87' lang='grc'><em>9</em></span> 
     </span>
     <span class='ocr_line' id='line_1_32' title="bbox 439 3670 3324 3856; baseline -0.001 -17"><span class='ocrx_word' id='word_1_277' title='bbox 439 3673 799 3839; x_wconf 37' lang='lat' dir='ltr'>&amp;lemene</span> <span class='ocrx_word' id='word_1_278' title='bbox 842 3773 949 3837; x_wconf 92' lang='lat'>111</span> <span class='ocrx_word' id='word_1_279' title='bbox 1004 3771 1395 3855; x_wconf 80' lang='lat' dir='ltr'>(Wibertus)</span> <span class='ocrx_word' id='word_1_280' title='bbox 1449 3769 1731 3856; x_wconf 90' lang='lat' dir='ltr'>O(ttoni)</span> <span class='ocrx_word' id='word_1_281' title='bbox 1798 3770 1951 3835; x_wconf 92' lang='lat' dir='ltr'>olim</span> <span class='ocrx_word' id='word_1_282' title='bbox 2019 3769 2191 3835; x_wconf 91' lang='lat' dir='ltr'>dicto</span> <span class='ocrx_word' id='word_1_283' title='bbox 2248 3769 2542 3835; x_wconf 88' lang='lat' dir='ltr'>Hostien.</span> <span class='ocrx_word' id='word_1_284' title='bbox 2599 3791 2699 3855; x_wconf 91' lang='lat' dir='ltr'>ep.</span> <span class='ocrx_word' id='word_1_285' title='bbox 2746 3670 3042 3854; x_wconf 44' lang='lat' dir='ltr'>(Urbani</span> <span class='ocrx_word' id='word_1_286' title='bbox 3082 3670 3324 3850; x_wconf 33' lang='grc' dir='ltr'>ἧκα</span> 
     </span>
     <span class='ocr_line' id='line_1_33' title="bbox 444 3872 3322 3961; baseline 0 -22"><span class='ocrx_word' id='word_1_287' title='bbox 444 3875 824 3961; x_wconf 89' lang='lat' dir='ltr'>sequacibus</span> <span class='ocrx_word' id='word_1_288' title='bbox 870 3877 1034 3941; x_wconf 89' lang='lat' dir='ltr'>eius:</span> <span class='ocrx_word' id='word_1_289' title='bbox 1100 3877 1442 3961; x_wconf 90' lang='lat' dir='ltr'>praecipit,</span> <span class='ocrx_word' id='word_1_290' title='bbox 1502 3881 1574 3939; x_wconf 88' lang='lat' dir='ltr'>ut</span> <span class='ocrx_word' id='word_1_291' title='bbox 1616 3874 1702 3939; x_wconf 89' lang='lat' dir='ltr'>ad</span> <span class='ocrx_word' id='word_1_292' title='bbox 1746 3872 2059 3958; x_wconf 81' lang='lat' dir='ltr'>synodum</span> <span class='ocrx_word' id='word_1_293' title='bbox 2104 3875 2169 3937; x_wconf 91' lang='lat' dir='ltr'>in</span> <span class='ocrx_word' id='word_1_294' title='bbox 2216 3873 2491 3939; x_wconf 90' lang='lat' dir='ltr'>ecclesia</span> <span class='ocrx_word' id='word_1_295' title='bbox 2535 3873 2596 3938; x_wconf 94' lang='lat' dir='ltr'>b.</span> <span class='ocrx_word' id='word_1_296' title='bbox 2643 3873 2822 3938; x_wconf 88' lang='lat' dir='ltr'>Petri</span> <span class='ocrx_word' id='word_1_297' title='bbox 2868 3874 3322 3940; x_wconf 88' lang='lat' dir='ltr'>celebrandam</span> 
     </span>
     <span class='ocr_line' id='line_1_34' title="bbox 446 3976 3321 4064; baseline 0 -22"><span class='ocrx_word' id='word_1_298' title='bbox 446 3982 653 4044; x_wconf 88' lang='lat' dir='ltr'>securi</span> <span class='ocrx_word' id='word_1_299' title='bbox 718 3981 973 4064; x_wconf 90' lang='lat' dir='ltr'>penitus</span> <span class='ocrx_word' id='word_1_300' title='bbox 1030 3981 1315 4061; x_wconf 84' lang='lat' dir='ltr'>veniant,</span> <span class='ocrx_word' id='word_1_301' title='bbox 1381 3985 1453 4042; x_wconf 91' lang='lat' dir='ltr'>ut</span> <span class='ocrx_word' id='word_1_302' title='bbox 1516 3977 1597 4043; x_wconf 89' lang='lat' dir='ltr'>de</span> <span class='ocrx_word' id='word_1_303' title='bbox 1658 3999 1767 4061; x_wconf 89' lang='lat' dir='ltr'>eo,</span> <span class='ocrx_word' id='word_1_304' title='bbox 1835 3976 2009 4062; x_wconf 91' lang='lat' dir='ltr'>quod</span> <span class='ocrx_word' id='word_1_305' title='bbox 2064 3983 2349 4041; x_wconf 86' lang='lat' dir='ltr'>sanctam</span> <span class='ocrx_word' id='word_1_306' title='bbox 2395 3978 2734 4042; x_wconf 90' lang='lat' dir='ltr'>ecclesiam</span> <span class='ocrx_word' id='word_1_307' title='bbox 2789 3977 3321 4062; x_wconf 88' lang='lat' dir='ltr'>perturbaverint,</span> 
     </span>
    </p>
   </div>
   <div class='ocr_carea' id='block_1_11' title="bbox 450 4081 1819 4166">
    <p class='ocr_par' dir='ltr' id='par_1_12' title="bbox 450 4081 1819 4166">
     <span class='ocr_line' id='line_1_35' title="bbox 450 4081 1819 4166; baseline -0.001 -20"><span class='ocrx_word' id='word_1_308' title='bbox 450 4085 766 4148; x_wconf 87' lang='lat' dir='ltr'>rationem</span> <span class='ocrx_word' id='word_1_309' title='bbox 813 4082 1106 4148; x_wconf 88' lang='lat' dir='ltr'>reddant.</span> <span class='ocrx_word' id='word_1_310' title='bbox 1154 4121 1234 4132; x_wconf 91' lang='lat'>—</span> <span class='ocrx_word' id='word_1_311' title='bbox 1280 4083 1466 4147; x_wconf 92' lang='lat' dir='ltr'>Licet</span> <span class='ocrx_word' id='word_1_312' title='bbox 1509 4081 1819 4166; x_wconf 81' lang='lat' dir='ltr'>synodali.</span> 
     </span>
    </p>
   </div>
   <div class='ocr_carea' id='block_1_12' title="bbox 449 4191 3324 4437">
    <p class='ocr_par' dir='ltr' id='par_1_13' title="bbox 449 4191 3324 4437">
     <span class='ocr_line' id='line_1_36' title="bbox 657 4191 3324 4263; baseline -0 -14"><span class='ocrx_word' id='word_1_313' title='bbox 657 4195 843 4249; x_wconf 69' lang='lat' dir='ltr'>Insa-t.</span> <span class='ocrx_word' id='word_1_314' title='bbox 886 4193 1163 4249; x_wconf 74' lang='lat' dir='ltr'>Clementis</span> <span class='ocrx_word' id='word_1_315' title='bbox 1198 4194 1301 4247; x_wconf 88' lang='lat' dir='ltr'>IH</span> <span class='ocrx_word' id='word_1_316' title='bbox 1343 4194 1632 4263; x_wconf 75' lang='lat' dir='ltr'>encyclicae</span> <span class='ocrx_word' id='word_1_317' title='bbox 1666 4192 1743 4247; x_wconf 78' lang='lat' dir='ltr'>ad</span> <span class='ocrx_word' id='word_1_318' title='bbox 1770 4209 1948 4247; x_wconf 72' lang='lat' dir='ltr'>omnes</span> <span class='ocrx_word' id='word_1_319' title='bbox 1981 4191 2296 4246; x_wconf 67' lang='lat' dir='ltr'>orthodozws</span> <span class='ocrx_word' id='word_1_320' title='bbox 2325 4191 2522 4257; x_wconf 73' lang='lat' dir='ltr'>fratres</span> <span class='ocrx_word' id='word_1_321' title='bbox 2554 4192 2743 4247; x_wconf 76' lang='lat' dir='ltr'>missae</span> <span class='ocrx_word' id='word_1_322' title='bbox 2772 4192 2828 4248; x_wconf 82' lang='lat' dir='ltr'>J.</span> <span class='ocrx_word' id='word_1_323' title='bbox 2858 4200 3009 4249; x_wconf 81' lang='lat'><strong><em>4005.</em></strong></span> <span class='ocrx_word' id='word_1_324' title='bbox 3045 4193 3153 4248; x_wconf 85' lang='lat' dir='ltr'>JL.</span> <span class='ocrx_word' id='word_1_325' title='bbox 3177 4199 3324 4248; x_wconf 87' lang='grc'><strong><em>6330.</em></strong></span> 
     </span>
     <span class='ocr_line' id='line_1_37' title="bbox 450 4278 3323 4350; baseline 0 -15"><span class='ocrx_word' id='word_1_326' title='bbox 450 4311 517 4320; x_wconf 86' lang='grc'>-</span> <span class='ocrx_word' id='word_1_327' title='bbox 554 4280 696 4336; x_wconf 80' lang='grc' dir='ltr'><strong><em>Εάᾱ.</em></strong></span> <span class='ocrx_word' id='word_1_328' title='bbox 733 4282 924 4335; x_wconf 74' lang='lat' dir='ltr'>Mansi</span> <span class='ocrx_word' id='word_1_329' title='bbox 961 4281 1087 4335; x_wconf 87' lang='lat' dir='ltr'>XX</span> <span class='ocrx_word' id='word_1_330' title='bbox 1121 4287 1223 4336; x_wconf 83' lang='lat'>599</span> <span class='ocrx_word' id='word_1_331' title='bbox 1256 4304 1319 4326; x_wconf 92' lang='lat'>=</span> <span class='ocrx_word' id='word_1_332' title='bbox 1352 4280 1537 4350; x_wconf 71' lang='lat' dir='ltr'>Myne</span> <span class='ocrx_word' id='word_1_333' title='bbox 1573 4279 1897 4334; x_wconf 81' lang='lat' dir='ltr'><strong><em>CXLVIII</em></strong></span> <span class='ocrx_word' id='word_1_334' title='bbox 1920 4285 2018 4335; x_wconf 86' lang='grc'>836</span> <span class='ocrx_word' id='word_1_335' title='bbox 2051 4295 2107 4332; x_wconf 79' lang='lat' dir='ltr'>n.</span> <span class='ocrx_word' id='word_1_336' title='bbox 2137 4287 2184 4333; x_wconf 88' lang='grc'><strong><em>6.</em></strong></span> <span class='ocrx_word' id='word_1_337' title='bbox 2255 4278 2410 4344; x_wconf 69' lang='grc' dir='ltr'><em>,ΤαΙῙέ</em></span> <span class='ocrx_word' id='word_1_338' title='bbox 2443 4279 2582 4334; x_wconf 74' lang='lat' dir='ltr'>Bibl.</span> <span class='ocrx_word' id='word_1_339' title='bbox 2604 4295 2703 4334; x_wconf 81' lang='lat' dir='ltr'>rer.</span> <span class='ocrx_word' id='word_1_340' title='bbox 2751 4279 2922 4334; x_wconf 76' lang='lat' dir='ltr'>Germ.</span> <span class='ocrx_word' id='word_1_341' title='bbox 2958 4281 3010 4336; x_wconf 82' lang='lat' dir='ltr'><strong><em>V</em></strong></span> <span class='ocrx_word' id='word_1_342' title='bbox 3038 4288 3131 4336; x_wconf 82' lang='lat'>150</span> <span class='ocrx_word' id='word_1_343' title='bbox 3160 4297 3215 4335; x_wconf 77' lang='lat' dir='ltr'>n.</span> <span class='ocrx_word' id='word_1_344' title='bbox 3244 4287 3323 4336; x_wconf 74' lang='grc'><strong><em>73.</em></strong></span> 
     </span>
     <span class='ocr_line' id='line_1_38' title="bbox 449 4366 2698 4437; baseline -0.002 -15"><span class='ocrx_word' id='word_1_345' title='bbox 449 4369 601 4423; x_wconf 78' lang='lat' dir='ltr'>Mon.</span> <span class='ocrx_word' id='word_1_346' title='bbox 654 4368 825 4422; x_wconf 73' lang='lat' dir='ltr'>Germ.</span> <span class='ocrx_word' id='word_1_347' title='bbox 862 4368 981 4423; x_wconf 79' lang='lat' dir='ltr'>Lib.</span> <span class='ocrx_word' id='word_1_348' title='bbox 1018 4367 1079 4421; x_wconf 80' lang='lat' dir='ltr'>dc</span> <span class='ocrx_word' id='word_1_349' title='bbox 1115 4368 1206 4421; x_wconf 77' lang='lat' dir='ltr'>lite</span> <span class='ocrx_word' id='word_1_350' title='bbox 1242 4367 1283 4420; x_wconf 92' lang='lat' dir='ltr'><strong><em>I</em></strong></span> <span class='ocrx_word' id='word_1_351' title='bbox 1311 4374 1420 4422; x_wconf 85' lang='lat'><strong><em>625.</em></strong></span> <span class='ocrx_word' id='word_1_352' title='bbox 1461 4396 1519 4407; x_wconf 94' lang='lat'>·—</span> <span class='ocrx_word' id='word_1_353' title='bbox 1564 4366 1721 4437; x_wconf 74' lang='lat' dir='ltr'>Reyy.</span> <span class='ocrx_word' id='word_1_354' title='bbox 1759 4367 1820 4422; x_wconf 91' lang='lat' dir='ltr'>J.</span> <span class='ocrx_word' id='word_1_355' title='bbox 1858 4373 2011 4421; x_wconf 78' lang='lat'><strong><em>4004.</em></strong></span> <span class='ocrx_word' id='word_1_356' title='bbox 2065 4366 2176 4421; x_wconf 83' lang='lat' dir='ltr'>JL.</span> <span class='ocrx_word' id='word_1_357' title='bbox 2217 4372 2366 4420; x_wconf 79' lang='lat'><strong><em>5329.</em></strong></span> <span class='ocrx_word' id='word_1_358' title='bbox 2695 4369 2698 4374; x_wconf 83' lang='grc'><strong>“</strong></span> 
     </span>
    </p>
   </div>
   <div class='ocr_carea' id='block_1_13' title="bbox 1541 4639 2227 4709">
    <p class='ocr_par' dir='ltr' id='par_1_14' title="bbox 1541 4639 2227 4709">
     <span class='ocr_line' id='line_1_39' title="bbox 1541 4639 2227 4709; baseline 0 -1"><span class='ocrx_word' id='word_1_359' title='bbox 1541 4639 1806 4709; x_wconf 72' lang='lat' dir='ltr'>Civitas</span> <span class='ocrx_word' id='word_1_360' title='bbox 1851 4639 2227 4709; x_wconf 81' lang='lat' dir='ltr'>Ostiensis.</span> 
     </span>
    </p>
   </div>
   <div class='ocr_carea' id='block_1_14' title="bbox 1612 4761 2153 4834">
    <p class='ocr_par' dir='ltr' id='par_1_15' title="bbox 1612 4761 2153 4834">
     <span class='ocr_line' id='line_1_40' title="bbox 1612 4761 2153 4834; baseline 0 -17"><span class='ocrx_word' id='word_1_361' title='bbox 1612 4761 2153 4834; x_wconf 85' lang='lat' dir='ltr'>Gregoriopolis.</span> 
     </span>
    </p>
   </div>
   <div class='ocr_carea' id='block_1_15' title="bbox 445 4902 3323 5110">
    <p class='ocr_par' dir='ltr' id='par_1_16' title="bbox 445 4902 3323 5110">
     <span class='ocr_line' id='line_1_41' title="bbox 661 4902 3323 4991; baseline 0 -24"><span class='ocrx_word' id='word_1_362' title='bbox 661 4904 864 4988; x_wconf 90' lang='lat' dir='ltr'>Ostia,</span> <span class='ocrx_word' id='word_1_363' title='bbox 910 4926 948 4969; x_wconf 89' lang='lat' dir='ltr'>a</span> <span class='ocrx_word' id='word_1_364' title='bbox 982 4904 1317 4969; x_wconf 81' lang='lat' dir='ltr'>Saracenis</span> <span class='ocrx_word' id='word_1_365' title='bbox 1362 4902 1696 4968; x_wconf 88' lang='lat' dir='ltr'>devastata</span> <span class='ocrx_word' id='word_1_366' title='bbox 1742 4909 1808 4967; x_wconf 94' lang='lat' dir='ltr'>et</span> <span class='ocrx_word' id='word_1_367' title='bbox 1852 4903 1933 4968; x_wconf 89' lang='lat' dir='ltr'>ab</span> <span class='ocrx_word' id='word_1_368' title='bbox 1978 4904 2204 4968; x_wconf 91' lang='lat' dir='ltr'>incolis</span> <span class='ocrx_word' id='word_1_369' title='bbox 2251 4903 2524 4988; x_wconf 89' lang='lat' dir='ltr'>deserta,</span> <span class='ocrx_word' id='word_1_370' title='bbox 2571 4926 2611 4969; x_wconf 89' lang='lat' dir='ltr'>a</span> <span class='ocrx_word' id='word_1_371' title='bbox 2641 4904 2956 4991; x_wconf 86' lang='lat' dir='ltr'>Gregorio</span> <span class='ocrx_word' id='word_1_372' title='bbox 2987 4904 3084 4969; x_wconf 89' lang='lat' dir='ltr'>IV</span> <span class='ocrx_word' id='word_1_373' title='bbox 3115 4903 3323 4968; x_wconf 91' lang='lat' dir='ltr'>denuo</span> 
     </span>
     <span class='ocr_line' id='line_1_42' title="bbox 445 5006 3323 5110; baseline -0 -37"><span class='ocrx_word' id='word_1_374' title='bbox 445 5010 714 5095; x_wconf 85' lang='lat' dir='ltr'>erigitur</span> <span class='ocrx_word' id='word_1_375' title='bbox 757 5008 874 5072; x_wconf 92' lang='lat' dir='ltr'>sub</span> <span class='ocrx_word' id='word_1_376' title='bbox 904 5012 1160 5074; x_wconf 89' lang='lat' dir='ltr'>nomine</span> <span class='ocrx_word' id='word_1_377' title='bbox 1204 5008 1688 5094; x_wconf 90' lang='lat' dir='ltr'>Gregoriopolis</span> <span class='ocrx_word' id='word_1_378' title='bbox 1733 5007 1821 5090; x_wconf 90' lang='lat' dir='ltr'>(n.</span> <span class='ocrx_word' id='word_1_379' title='bbox 1862 5007 1944 5093; x_wconf 80' lang='lat'>1),</span> <span class='ocrx_word' id='word_1_380' title='bbox 1991 5006 2106 5071; x_wconf 90' lang='lat' dir='ltr'>sed</span> <span class='ocrx_word' id='word_1_381' title='bbox 2139 5030 2265 5072; x_wconf 90' lang='lat' dir='ltr'>non</span> <span class='ocrx_word' id='word_1_382' title='bbox 2296 5011 2517 5096; x_wconf 89' lang='lat' dir='ltr'>viguit,</span> <span class='ocrx_word' id='word_1_383' title='bbox 2545 5009 2715 5110; x_wconf 39' lang='lat' dir='ltr'>&#39;licet</span> <span class='ocrx_word' id='word_1_384' title='bbox 2743 5009 3049 5073; x_wconf 88' lang='lat' dir='ltr'>Nicolaus</span> <span class='ocrx_word' id='word_1_385' title='bbox 3080 5008 3113 5071; x_wconf 94' lang='lat' dir='ltr'>I</span> <span class='ocrx_word' id='word_1_386' title='bbox 3158 5029 3323 5092; x_wconf 90' lang='lat' dir='ltr'>eam,</span> 
     </span>
    </p>
   </div>
   <div class='ocr_carea' id='block_1_16' title="bbox 444 5110 3322 5303">
    <p class='ocr_par' dir='ltr' id='par_1_17' title="bbox 444 5110 3322 5303">
     <span class='ocr_line' id='line_1_43' title="bbox 444 5110 3322 5198; baseline 0.001 -22"><span class='ocrx_word' id='word_1_387' title='bbox 444 5114 510 5176; x_wconf 88' lang='lat' dir='ltr'>in</span> <span class='ocrx_word' id='word_1_388' title='bbox 553 5112 749 5176; x_wconf 91' lang='lat' dir='ltr'>ruinis</span> <span class='ocrx_word' id='word_1_389' title='bbox 793 5113 1129 5196; x_wconf 88' lang='lat' dir='ltr'>iacentem,</span> <span class='ocrx_word' id='word_1_390' title='bbox 1177 5113 1425 5178; x_wconf 83' lang='lat' dir='ltr'>fortiori</span> <span class='ocrx_word' id='word_1_391' title='bbox 1470 5113 1868 5197; x_wconf 87' lang='lat' dir='ltr'>firmiorique</span> <span class='ocrx_word' id='word_1_392' title='bbox 1914 5111 2160 5176; x_wconf 85' lang='lat' dir='ltr'>fabrica</span> <span class='ocrx_word' id='word_1_393' title='bbox 2204 5112 2714 5178; x_wconf 86' lang='lat' dir='ltr'>reaedificaverit</span> <span class='ocrx_word' id='word_1_394' title='bbox 2757 5112 2927 5198; x_wconf 90' lang='lat' dir='ltr'>(Lib.</span> <span class='ocrx_word' id='word_1_395' title='bbox 2962 5111 3186 5196; x_wconf 85' lang='lat' dir='ltr'>pontif.</span> <span class='ocrx_word' id='word_1_396' title='bbox 3222 5110 3322 5178; x_wconf 86' lang='lat' dir='ltr'>ed.</span> 
     </span>
     <span class='ocr_line' id='line_1_44' title="bbox 444 5214 1089 5303; baseline 0.002 -23"><span class='ocrx_word' id='word_1_397' title='bbox 444 5214 787 5280; x_wconf 88' lang='lat' dir='ltr'>Duchesne</span> <span class='ocrx_word' id='word_1_398' title='bbox 818 5215 886 5279; x_wconf 93' lang='lat' dir='ltr'>II</span> <span class='ocrx_word' id='word_1_399' title='bbox 924 5218 1089 5303; x_wconf 86' lang='grc'><strong><em>164).</em></strong></span> 
     </span>
    </p>
   </div>
  </div>
 </body>
</html>
