4055 6069
665 459 784 524 108
1976 457 2217 515 Latium.

1397 751 1906 819 monasterium
1954 769 2012 818 s.
2044 751 2428 820 Trinitatis
2474 753 2560 820 de
2608 752 2811 822 Cora.

874 910 975 977 De
1022 913 1410 976 monasterio
1457 932 1506 973 s.
1541 910 1871 975 Trinitatis
1911 909 2370 975 monachorum
2428 909 2562 974 ord.
2606 933 2655 974 s.
2688 911 3053 996 Benedicti,
3100 913 3272 978 haud
3319 917 3542 999 procul

554 1039 557 1043 ’
660 1038 699 1081 a
744 1017 1001 1081 civitate
1058 1017 1227 1083 Cora
1278 1018 1429 1098 sito,
1499 1035 1824 1099 perpauca
1891 1016 2143 1079 scimus.
2243 1015 2323 1078 A.
2380 1017 2541 1080 1288
2600 1016 2707 1079 iul.
2755 1019 2836 1082 23
2906 1019 3393 1102 monasterium,
3461 1020 3543 1085 ab

660 1119 896 1187 abbate
958 1128 1024 1187 et
1067 1122 1398 1186 monachis
1458 1120 1832 1186 destitutum
1898 1128 1964 1187 et
2017 1122 2082 1184 in
2138 1120 2573 1205 spiritualibus
2630 1129 2696 1186 et
2763 1122 3223 1206 temporalibus
3285 1126 3543 1189 omnino

661 1225 1013 1311 collapsum
1071 1224 1178 1309 (cf.
1234 1225 1488 1292 Nicolai
1534 1227 1630 1291 IV
1681 1225 1922 1291 bullam
1979 1247 2036 1290 a.
2080 1229 2238 1290 1290
2284 1247 2429 1312 aug.
2484 1231 2548 1290 11
2606 1248 2708 1312 ap.
2755 1226 3061 1312 Langlois
3104 1227 3233 1292 Les
3277 1250 3411 1315 reg.
3459 1229 3540 1295 de

659 1329 922 1394 Nicolas
968 1330 1064 1395 IV
1130 1352 1192 1415 p.
1228 1335 1352 1395 549
1419 1353 1480 1395 n.
1525 1332 1744 1415 3538),
1813 1352 1852 1395 a
1919 1331 2153 1395 Latino
2222 1352 2323 1415 ep.
2393 1328 2636 1395 Ostien.
2706 1336 2772 1394 et
2822 1331 3133 1396 Velitern.
3203 1335 3542 1398 conventui

660 1455 708 1499 s.
756 1434 992 1520 Angeli
1052 1435 1185 1498 sive
1246 1456 1293 1498 s.
1336 1435 1581 1499 Mariae
1637 1434 1718 1498 de
1785 1433 2005 1499 Monte
2068 1434 2328 1499 Mirteto
2397 1456 2588 1519 supra
2632 1434 2967 1518 Nymphas
3025 1454 3398 1501 concessum
3444 1444 3543 1502 est

662 1536 792 1621 (ed.
858 1537 949 1601 St.
996 1538 1236 1624 Borgia
1289 1537 1391 1603 De
1456 1560 1641 1604 cruce
1687 1539 2022 1603 Veliterna
2084 1560 2146 1623 p.
2203 1538 2430 1603 CCCV
2496 1560 2555 1602 n.
2601 1544 2697 1603 16.
2798 1538 2962 1623 Reg.
3020 1538 3317 1605 Federici
3377 1541 3538 1606 Doc.

660 1640 998 1706 Sublacen.
1046 1665 1106 1710 n.
1142 1643 1315 1727 541),
1362 1650 1428 1707 et
1470 1664 1597 1707 una
1643 1664 1786 1708 cum
1834 1663 1911 1707 eo
1957 1664 2014 1707 a.
2068 1646 2248 1725 1432,
2295 1641 2587 1728 Eugenio
2629 1641 2725 1705 IV
2771 1641 3065 1726 iubente,
3120 1645 3184 1707 in
3232 1643 3539 1709 ditionem

660 1745 1068 1811 Sublacensis
1133 1748 1502 1812 monasterii
1575 1748 1841 1811 transiit.
1931 1746 2148 1812 Hodie
2196 1746 2382 1811 huius
2427 1747 2795 1811 monasterii
2841 1767 2921 1810 ne
2966 1748 3237 1832 vestigia
3282 1748 3541 1834 quidem

660 1852 1082 1935 reperiuntur.

877 2043 1091 2106 Unum
1144 2041 1482 2108 Paschalis
1527 2041 1595 2105 Π
1666 2041 2073 2126 privilegium
2141 2040 2440 2106 laudatur
2507 2041 2569 2104 in
2636 2039 2889 2123 libello,
2958 2061 3149 2125 quem
3211 2040 3412 2105 abbas
3477 2050 3545 2107 ct

660 2146 958 2211 monachi
1013 2169 1060 2209 s.
1105 2146 1345 2230 Angeli
1416 2145 1495 2211 de
1565 2147 1826 2211 Mirteto
1882 2154 2107 2210 contra
2163 2146 2432 2209 clericos
2495 2144 2783 2209 Coranos
2848 2165 3041 2229 super
3105 2145 3542 2211 iurisdictione

661 2248 973 2315 ecclesiae
1042 2271 1091 2312 s.
1131 2249 1378 2315 Mariae
1442 2250 1522 2315 de
1579 2250 1749 2315 Cora
1802 2269 1861 2313 a.
1910 2251 2073 2314 1364
2131 2247 2268 2313 dec.
2316 2252 2398 2313 20
2465 2246 2573 2331 (cf.
2630 2246 2924 2311 cherici
2978 2247 3139 2311 Doc.
3203 2246 3541 2314 Sublacen.

660 2374 720 2416 n.
761 2353 952 2437 1563)
1010 2373 1227 2418 coram
1283 2355 1520 2419 vicario
1568 2353 2033 2418 veliternensis
2089 2353 2374 2437 episcopi
2434 2351 2861 2418 exhibuerunt
2907 2350 3017 2435 (cf.
3064 2350 3261 2415 Mirtii
3308 2352 3550 2417 Chron.

663 2455 917 2522 Sublac.
954 2457 1054 2521 ed.
1085 2456 1309 2523 Allodi
1339 2480 1400 2543 p.
1429 2458 1604 2543 492).
1671 2457 2078 2522 Documenta
2110 2456 2300 2540 enim,
2331 2477 2495 2542 quae
2529 2455 2611 2519 ad
2643 2458 3099 2521 monasterium
3134 2479 3181 2522 s.
3217 2456 3545 2521 Trinitatis

661 2567 974 2645 spectant,
1020 2562 1186 2627 inter
1230 2563 1485 2627 chartas
1528 2562 1901 2626 monasterii
1956 2583 2005 2626 s.
2038 2561 2277 2645 Angeli
2336 2561 2469 2624 sive
2516 2582 2563 2623 s.
2598 2559 2844 2623 Mariae
2892 2560 2972 2624 de
3017 2560 3237 2625 Monte
3284 2560 3543 2625 Mirteto

660 2666 723 2728 in
770 2666 1085 2731 tabulario
1134 2665 1511 2732 Sublacensi
1556 2668 1960 2732 inveniuntur
2004 2664 2114 2749 (cf.
2161 2663 2331 2730 Eccl.
2382 2687 2429 2728 s.
2465 2663 2700 2750 Angeli
2748 2685 2940 2747 supra
2984 2663 3383 2749 Nimpham).

661 2838 741 2902 *1
3226 2837 3459 2920 (1114)

658 2943 1071 3008 Paschalis
1115 2943 1186 3009 ΙΙ
1249 2945 1514 3029 suscipit
1574 2943 1899 3009 abbatiam
1965 2966 2012 3008 s.
2050 2943 2377 3008 Trinitatis
2438 2942 2518 3008 de
2574 2943 2742 3008 Cora
2797 2940 2913 3005 sub
2972 2941 3327 3026 apostolica
3393 2962 3542 3025 pro-

660 3050 973 3130 tectione,
1040 3054 1353 3132 statuens,
1422 3055 1519 3131 ut,
1588 3050 1640 3112 si
1710 3050 1850 3135 quis
1916 3050 1982 3112 in
2049 3048 2484 3113 ecclesiastica
2552 3068 2666 3112 seu
2729 3047 3044 3111 saeculari
3110 3045 3542 3110 iurisdictione

661 3154 1039 3217 constitutus
1071 3159 1292 3218 contra
1322 3154 1528 3237 ipsam
1552 3151 1879 3217 abbatiam
1906 3153 2294 3217 contrarium
2326 3151 2590 3235 aliquod
2612 3158 2999 3236 attemptare
3024 3153 3543 3235 praesumpserit,

660 3263 975 3340 perpetua
1020 3256 1280 3321 honoris
1326 3263 1392 3321 et
1437 3256 1633 3321 officii
1679 3257 1761 3320 sit
1804 3263 2127 3342 potestate
2175 3257 2477 3340 privatus.

870 3383 1050 3438 Laud.
1087 3385 1149 3437 in
1186 3384 1352 3439 libello
1386 3402 1437 3440 a.
1465 3391 1594 3439 1364
1631 3384 1741 3440 dec.
1768 3392 1859 3454 20,
1907 3384 2005 3454 qm·
2048 3388 2217 3438 exstat
2259 3384 2320 3437 in
2368 3384 2583 3438 archivo
2629 3382 2936 3439 Sublacensi
2982 3382 3200 3450 (XXX
3213 3380 3293 3436 VI
3323 3383 3421 3451 13).
3478 3412 3545 3421 —

663 3470 827 3541 Reyq.
869 3470 1129 3525 Gasimsto
1168 3474 1184 3505 ¹
1211 3488 1263 3540 p.
1289 3479 1383 3540 96,-
1420 3474 1442 3507 ²
1457 3488 1516 3540 p.
1543 3480 1654 3527 144.
1715 3471 1900 3526 Allodi
1937 3470 2097 3526 Oron.
2123 3470 2266 3525 Subl.
2283 3488 2343 3540 p.
2369 3477 2485 3525 492.
2540 3471 2584 3527 J
2590 3469 2659 3527 L.
2699 3500 2782 3526 —.

1961 3747 2240 3816 Tivera.

1956 3873 1973 3940 (
1987 3869 2250 3936 Tiberia)

880 4010 1176 4077 Castrum
1224 4012 1521 4078 Tiberiae
1569 4012 1634 4075 in
1679 4012 1951 4096 regestis
1996 4009 2329 4074 Paschalis
2370 4009 2459 4091 Π,
2506 4010 2616 4095 qui
2660 4008 2749 4073 ibi
2789 4030 3241 4095 nonnunquam
3283 4008 3541 4090 resedit,

662 4119 917 4202 saepius
976 4118 1251 4183 occurrit
1315 4115 1426 4200 (cf.
1472 4115 1806 4180 Paschalis
1849 4114 1918 4179 II
1982 4114 2289 4200 epistolas
2343 4114 2463 4178 JL.
2513 4116 2701 4178 6332.
2750 4115 3128 4178 6389-96.
3175 4112 3540 4197 6407-8).

660 4223 952 4287 Positum
999 4222 1118 4286 fuit
1161 4220 1332 4285 haud
1378 4219 1570 4305 longe
1619 4241 1658 4284 a
1702 4219 2020 4304 Nymphis
2062 4217 2170 4302 (cf.
2205 4218 2284 4282 A.
2318 4218 2559 4303 Borgia
2589 4239 2651 4302 p.
2688 4222 2786 4282 74.
2821 4219 2977 4288 286;
3024 4216 3367 4282 Duchesne
3399 4215 3541 4280 Lib.

661 4326 887 4411 pontif.
935 4326 1003 4390 Π
1050 4328 1175 4391 309
1220 4330 1349 4389 not.
1386 4323 1518 4409 40).

661 4501 697 4539 *
3261 4492 3430 4555 1153

662 4503 1131 4670 AInastasius
1176 4604 1274 4667 IV
1340 4604 1514 4668 locat
1580 4600 1905 4666 Tiberiam
1967 4600 2241 4666 Nicolao
2303 4600 2522 4666 abbati
2576 4621 2745 4664 mon.
2794 4620 2842 4661 s.
2887 4598 3133 4662 Mariae
3180 4497 3257 4660 in(
3291 4495 3544 4679 Orip)ta-

663 4710 920 4775 ferrat&
1041 4812 1092 4848 v.
1129 4793 1321 4860 Roma,
1361 4792 1508 4848 Eccl.
1545 4811 1589 4848 s.
1616 4791 1878 4848 Praxedis
1914 4810 1966 4846 n.
1992 4793 2026 4848 9
2064 4794 2124 4847 et
2160 4789 2572 4847 Grottaferrata
2607 4807 2660 4844 n.
2688 4789 2772 4844 13.

662 4915 699 4954 a
3089 4909 3429 4972 1173—76

662 4918 1121 5087 sslexander
1167 5020 1273 5084 III
1328 5018 1623 5085 concedit
1680 5018 1977 5102 Iohanni,
2043 5016 2243 5082 Petro
2315 5024 2380 5083 et
2432 5017 2667 5101 Leoni,
2720 5015 2867 5079 filiis
2928 4914 3251 5099 quohdam
3309 4908 3544 5077 cinthii

662 5126 1062 5210 Fraiapanis,
1109 5131 1388 5189 castrum
1435 5123 1754 5187 Tiberiae.

1044 5254 1093 5290 v.
1134 5235 1323 5301 Roma,
1360 5235 1506 5291 Gens
1541 5233 1860 5304 aniapana
1895 5252 1946 5287 n.
1973 5235 2021 5288 9.
