4055 6069
634 485 758 547 204
1958 480 2198 537 Latium.

638 657 1036 742 episcopatui
1091 657 1328 722 Montis
1370 655 1702 721 Flasconis
1760 659 1892 722 sive
1953 657 2191 723 Montis
2251 657 2489 722 Falisci
2546 658 2774 740 univit,
2829 658 2919 722 ita
2985 663 3058 723 ut
3124 655 3523 723 Cornetanus

635 762 822 826 simul
890 782 966 826 ac
1032 762 1271 827 Montis
1337 761 1669 826 Flasconis
1724 763 2064 846 episcopus
2120 761 2486 827 haberetur.
2592 761 2694 827 Dc
2757 762 3374 828 Montefiascone
3441 764 3520 827 cf.

634 866 898 952 Ughelli
949 867 971 905 ¹
1006 866 1039 929 I
1092 869 1254 931 1050
1275 888 1404 951 δεμ
1454 866 1481 905 ²
1512 866 1546 929 I
1579 870 1703 931 975
1736 888 1860 952 sq.;
1906 865 2034 930 Ios.
2068 864 2377 950 Garampi
2423 865 2664 931 Codice
2711 866 3124 951 diplomatico
3172 866 3235 930 di
3267 867 3519 932 Monte-

634 970 933 1053 fiascone,
982 971 1155 1054 citta,
1201 971 1457 1035 vescovi
1503 991 1539 1035 e
1586 969 1847 1053 diocesi,
1893 993 1942 1033 s.
1974 970 2230 1054 XVIII,
2274 970 2486 1035 Roma
2529 970 2726 1035 Arch.
2759 971 2908 1035 vat.
2953 969 3180 1034 Fondo
3213 969 3524 1055 Garampi

636 1072 776 1138 cod.
839 1076 959 1139 198
1032 1074 1141 1158 (cf.
1196 1072 1372 1139 Gott.
1431 1074 1669 1139 Nachr.
1733 1077 1896 1139 1900
1969 1097 2032 1158 p.
2076 1074 2259 1158 394);
2325 1073 2720 1159 Cappelletti
2766 1074 2828 1139 V
2894 1076 3018 1138 627
3066 1097 3190 1160 δεμ
3271 1075 3523 1140 Moroni

634 1177 1002 1243 Dizionario
1035 1177 1159 1244 CII
1198 1183 1223 1242 1
1256 1200 1381 1263 sq.;
1427 1176 1657 1262 (Girol.
1692 1177 1772 1244 de
1803 1176 2104 1264 Angelis)
2135 1177 2546 1243 Comentario
2593 1180 3081 1244 storico-critico
3128 1200 3202 1243 su
3231 1177 3522 1264 l’originc

636 1303 672 1347 e
716 1283 779 1346 le
827 1282 1093 1349 vicende
1141 1281 1314 1348 della
1370 1284 1523 1347 citta
1580 1304 1616 1348 e
1662 1283 1879 1347 chiesa
1934 1282 2289 1348 cattedrale
2338 1281 2402 1346 di
2446 1282 2949 1348 Montefiascone
2995 1281 3523 1368 (Montefiascone

643 1385 863 1472 1841);
922 1388 997 1451 L.
1038 1388 1213 1452 Pieri
1271 1388 1423 1451 Buti
1478 1386 1690 1451 Storia
1745 1387 1917 1451 della
1970 1388 2125 1452 citta
2180 1385 2246 1450 di
2303 1387 2802 1452 Montefiasc‘one
2862 1407 2897 1451 e
2954 1386 3061 1451 dei
3117 1388 3297 1472 paesi
3352 1386 3524 1451 della

639 1489 879 1556 diocesi
925 1490 990 1555 di
1036 1512 1179 1556 essa
1225 1491 1379 1556 citta
1423 1490 1954 1574 (Montefiascone
2008 1489 2219 1576 1870).

854 1645 1208 1710 Archivum
1268 1647 1545 1712 civitatis
1601 1647 1863 1712 Gorneti
1917 1646 2207 1731 possidet
2276 1647 2444 1711 inter
2509 1646 2637 1711 alia
2699 1645 2929 1710 librum
2989 1646 3166 1712 illum
3237 1668 3285 1709 s.
3341 1645 3524 1730 XIV,

643 1769 834 1833 quem
891 1747 1250 1835 Margarita
1302 1756 1561 1830 vocant,
1628 1750 1740 1816 sed
1803 1748 2141 1834 privilegia
2200 1756 2348 1815 ante
2404 1749 2846 1814 Innocentium
2892 1749 2997 1813 III
3057 1771 3185 1814 non
3244 1750 3528 1814 continet

638 1851 746 1937 (cf.
795 1851 1163 1917 Bethmann
1210 1854 1275 1916 in
1318 1856 1559 1920 Archiv
1602 1854 1741 1919 XII
1786 1859 1939 1931 4743
1994 1854 2321 1939 Pflung.
2367 1854 2503 1919 Iter
2545 1876 2608 1939 p.
2646 1859 2802 1931 7503
2850 1853 3027 1920 Gott.
3072 1853 3307 1919 Nachr.
3361 1856 3515 1918 1901

637 1977 699 2040 p.
735 1955 909 2040 206).
999 1955 1100 2022 De
1147 1957 1420 2022 archivis
1467 1967 1601 2023 tum
1651 1957 1960 2023 ecclesiae
1993 1958 2381 2023 cathedralis
2428 1965 2562 2022 tum
2609 1960 2884 2024 civitatis
2916 1958 3152 2023 Montis
3194 1957 3527 2022 Flasconis

638 2059 719 2123 cf.
766 2059 840 2126 P.
876 2059 1225 2146 Savignoni
1281 2064 1346 2127 in
1399 2063 1595 2127 Arch.
1643 2062 1818 2127 della
1871 2061 2013 2127 Soc.
2056 2062 2244 2127 Rom.
2277 2062 2513 2127 XVIII
2557 2061 2783 2148 (1895)
2837 2067 2913 2127 12
2935 2083 3029 2146 sq.
3120 2061 3527 2126 Documenta

640 2163 722 2227 ad
766 2163 1053 2229 Montem
1085 2165 1419 2229 Flasconis
1463 2167 1849 2250 pertinentia
1893 2166 2299 2230 inveniuntur
2342 2186 2597 2250 quoque
2644 2166 2705 2228 in
2738 2165 3132 2230 Monterenzi
3164 2164 3530 2229 Cameralia

639 2269 762 2332 vol.
804 2266 879 2331 'H
930 2268 1143 2333 Roma
1205 2269 1401 2334 Arch.
1445 2271 1593 2334 Vat.
1648 2271 1829 2334 Arm.
1888 2269 2180 2334 XXXVI
2238 2275 2281 2333 t.
2330 2272 2368 2334 8
2422 2268 2464 2333 f.
2516 2273 2662 2355 lsq.
2722 2275 2789 2332 et
2846 2270 2907 2332 in
2964 2266 3273 2352 Garampi
3340 2266 3527 2331 codd.

647 2374 784 2437 123.
825 2374 964 2437 125.
1006 2376 1143 2438 184.
1186 2375 1323 2438 188.
1364 2376 1483 2438 198
1528 2371 1612 2437 ib.
1645 2372 1870 2437 Fondo
1903 2370 2213 2457 Garampi
2254 2370 2363 2456 (cf.
2398 2371 2574 2437 Gott.
2607 2372 2843 2436 Nachr.
2883 2375 3043 2437 1900
3074 2393 3138 2456 p.
3174 2373 3319 2436 373.
3353 2370 3527 2457 393).

640 2526 677 2588 1
3036 2526 3441 2609 (1009—12)

640 2628 962 2713 Sergius
1014 2630 1114 2695 IV
1178 2631 1489 2697 Gratiano
1558 2630 1776 2698 abbati
1839 2632 1917 2718 (δ.
1972 2632 2219 2698 Mariae
2287 2631 2368 2697 de
2427 2629 2741 2715 Minione)
2800 2637 2865 2696 et
2921 2627 3214 2695 omnibus
3273 2629 3528 2696 habita-

640 2731 882 2798 toribus
938 2735 1005 2799 in
1059 2734 1324 2801 castello
1381 2743 1448 2801 et
1492 2737 1751 2802 civitate
1799 2737 2137 2824 Corgnito:
2185 2742 2436 2818 monet,
2491 2741 2563 2800 ut
2604 2734 2901 2800 humiliet
2954 2754 3024 2798 se
3067 2732 3185 2797 sub
3232 2732 3530 2800 Gnidone

639 2836 876 2903 abbate
920 2838 1215 2905 Farfensi
1262 2847 1328 2906 et
1370 2841 1677 2906 ecclesias
1722 2863 1771 2906 s.
1804 2841 2142 2927 Peregrini
2189 2847 2257 2906 et
2300 2863 2349 2905 s.
2383 2840 2719 2905 Michaelis
2763 2839 2825 2904 ei
2870 2836 3121 2903 reddat.

1017 2968 1069 3005 v.
1107 2950 1287 3018 Farfa,
1322 2951 1472 3007 Mon.
1508 2970 1552 3007 δ.
1576 2950 1788 3009 Mariae
1824 2970 1877 3007 n.
1907 2953 1989 3008 16.

638 3046 684 3107 2
2974 3048 3142 3110 1144
3186 3066 3323 3111 nov.
3354 3046 3441 3108 20

641 3150 1042 3217 Gottifredus
1101 3151 1182 3218 de
1237 3154 1518 3219 Pinzone
1586 3161 1652 3220 et
1689 3154 1866 3219 Vezo
1924 3153 2276 3219 Franconis
2338 3151 2630 3218 consules
2687 3172 2815 3216 una
2869 3171 3013 3215 cum
3066 3149 3300 3236 Egidio
3355 3152 3532 3215 vice-

640 3255 874 3320 comite
921 3262 988 3321 et
1030 3256 1311 3323 Ranutio
1368 3258 1448 3324 de
1495 3257 1835 3340 Guittone,
1890 3279 1974 3322 ex
2031 3255 2336 3322 mandato
2395 3261 2462 3320 et
2504 3256 2835 3321 voluntate
2880 3254 3154 3319 aliorum
3200 3254 3530 3320 consulum

641 3365 709 3423 et
771 3360 995 3444 populi
1058 3360 1486 3427 Oronietanae
1541 3363 1847 3445 civitatis,
1912 3362 2280 3426 renuntiant
2322 3360 2557 3426 Lucio
2602 3359 2673 3425 H
2731 3360 2997 3444 eiusque
3060 3359 3531 3425 successoribus

642 3462 947 3548 quicquid
1002 3462 1081 3529 de
1136 3464 1460 3551 regalibus
1515 3465 1578 3530 b.
1619 3466 1830 3550 Petri,
1899 3486 2066 3550 quae
2121 3471 2268 3530 sunt
2327 3465 2393 3528 in
2448 3463 2754 3529 Omnieto
2809 3462 2913 3528 vel
2984 3463 3122 3528 eius
3190 3463 3529 3546 territorio,

644 3566 993 3632 alienatum
1043 3575 1142 3634 est
1185 3568 1288 3634 vel
1334 3569 1640 3636 ablatum.
1686 3607 1771 3616 -
1816 3568 2140 3634 Iohannes
2185 3569 2369 3633 scrin.
2419 3566 2483 3631 S.
2514 3567 2595 3633 R.
2629 3565 2704 3631 E.

853 3677 1081 3735 Oeneius
1113 3696 1157 3735 c.
1191 3688 1291 3737 123.
1330 3712 1394 3722 —-
1432 3681 1575 3735 Edd.
1613 3681 1889 3735 Muraton'
1928 3681 2114 3749 Λυκίᾳ.
2153 3679 2243 3733 IV
2272 3685 2351 3735 37.
2429 3678 2658 3733 Ἠιοίκα·
2707 3678 2834 3734 God.
2873 3677 3000 3747 dipl.
3037 3677 3176 3732 dom.
3210 3682 3362 3745 temp.
3402 3676 3434 3729 1
3469 3684 3530 3730 14

642 3781 697 3818 n.
727 3774 798 3821 16.
871 3765 1360 3823 fabre-Mane
1395 3769 1438 3823 I
1461 3775 1583 3823 402.
1621 3798 1686 3808 —
1727 3766 1862 3838 Req.
1899 3764 2238 3834 Wilsicnfeld
2271 3782 2327 3820 n.
2357 3773 2398 3821 7.
2457 3765 2564 3820 JL.
2603 3795 2686 3821 -.

1922 4001 2254 4072 Norchia.
2391 4095 2392 4098 Ἴ

1860 4125 2074 4190 (Orcla.
2127 4124 2318 4192 Orcle)

863 4252 1083 4336 Orcla,
1139 4252 1471 4335 antiquum
1514 4248 1929 4315 Etruscorum
1982 4246 2326 4332 oppidum,
2378 4246 2443 4309 in
2495 4244 2851 4329 privilegiis
2903 4241 2985 4308 ab
3039 4242 3533 4329 imperatoribus

644 4357 958 4423 ecclesiae
988 4356 1322 4422 Romanae
1369 4354 1687 4419 concessis
1733 4354 1893 4418 etin
1924 4351 2161 4417 chartis
2189 4346 2605 4415 Farfensibus
2643 4348 2900 4434 saepius
2931 4348 3221 4413 occurrit.
3291 4346 3534 4412 Civitas

646 4481 707 4544 q.
738 4480 798 4525 v.
832 4459 1023 4525 Orcle
1057 4464 1468 4525 enumeratur
1496 4459 1663 4523 inter
1692 4459 2132 4543 possessiones
2162 4458 2574 4542 episcopatus
2605 4451 3028 4519 Tuscanensis
3072 4453 3138 4516 in
3167 4451 3404 4516 Leonis
3433 4449 3533 4514 IV

646 4563 982 4648 privilegio
1036 4561 1156 4629 JE.
1205 4565 1394 4627 2655.
1485 4560 1856 4627 Hadrianus
1909 4561 2026 4645 IV,
2102 4562 2209 4646 qui
2264 4559 2387 4624 hoc
2446 4565 2724 4624 castrum
2779 4556 3103 4623 desertum
3169 4556 3411 4620 invenit
3468 4560 3536 4618 et

646 4669 1019 4752 speluncam
1080 4666 1434 4750 latronum,
1493 4687 1673 4730 muro
1730 4688 1805 4732 ac
1862 4665 2138 4731 turribus
2198 4665 2468 4731 munivit
2525 4662 2695 4750 (Lib.
2756 4660 2980 4746 pontif.
3039 4658 3141 4725 ed.
3187 4658 3532 4724 Duchesne

648 4771 720 4836 II
764 4772 938 4856 396).

862 4927 1138 4992 Unicum
1185 4925 1666 5008 documentum,
1714 4925 1887 5009 quod
1932 4926 2247 5011 sequitur,
2294 4924 2532 4990 Albino
2580 4931 2646 4989 et
2689 4923 2928 4989 Cencio
2976 4919 3314 5003 debemus,
3360 4917 3535 4983 unde

650 5032 1099 5115 transcriptum
1144 5036 1243 5094 est
1288 5032 1353 5093 in
1395 5028 1661 5111 librum,
1716 5030 1816 5094 cui
1862 5028 2084 5093 titulus
2133 5028 2542 5113 „Registrum
2588 5028 2804 5091 curiae
2847 5025 3216 5110 patrimonii
3259 5022 3320 5087 b.
3352 5022 3536 5088 Petri

651 5134 714 5198 in
778 5133 1073 5214 Tuscia“,
1143 5156 1190 5197 δ.
1243 5133 1427 5215 XIV,
1504 5133 1717 5197 Roma
1786 5133 1982 5198 Arch.
2026 5132 2177 5197 Vat.
2233 5132 2412 5195 Arm,
2460 5131 2720 5196 XXXV
2773 5135 2816 5194 t.
2871 5134 2945 5192 14
3016 5126 3150 5216 [(Ἶς
3228 5127 3307 5191 cf.
3355 5126 3534 5191 Gott.

652 5237 886 5303 Nachr.
941 5241 1100 5304 1900
1147 5259 1209 5322 p.
1244 5242 1388 5303 370.
