4055 6069
1511 1342 2372 1509 SABINA

697 1686 979 1744 Fabianus
1027 1687 1298 1742 Nucula
1347 1687 1426 1742 De
1471 1684 1765 1742 Sabinensi
1829 1685 2188 1756 episcopatu,
2257 1705 2297 1739 S.
2334 1685 2516 1752 XVII,
2572 1686 2630 1740 in
2676 1686 3036 1742 Miscellanea
3090 1689 3128 1741 f.
3170 1688 3269 1743 182
3294 1706 3375 1757 sq.

491 1775 701 1846 Napoli
747 1774 891 1830 Bibl.
929 1772 1344 1829 Brancacciana
1378 1772 1460 1827 111
1488 1772 1530 1828 C
1563 1773 1597 1827 5
1642 1771 1730 1840 (cf.
1769 1772 1923 1828 Gott.
1960 1771 2166 1827 Nachr.
2211 1773 2343 1828 1900
2378 1790 2432 1843 p.
2458 1773 2598 1841 216).
2656 1804 2717 1811 -
2773 1772 3127 1828 F.·Nucula
3177 1774 3379 1830 Istoria

491 1860 876 1917 ecclesiastica
901 1860 959 1915 di
983 1860 1207 1924 Sabina,
1243 1879 1285 1915 s.
1311 1859 1488 1925 XVII,
1525 1858 1584 1913 in
1609 1858 1971 1915 Miscellanea
2006 1858 2042 1913 f.
2070 1859 2266 1927 648sq.
2291 1859 2366 1914 ib.
2394 1859 2473 1914 III
2499 1859 2548 1913 D
2572 1861 2621 1914 4.
2649 1890 2714 1899 —-
2736 1858 3026 1930 Ughelli
3057 1863 3073 1894 ¹
3103 1861 3124 1913 I
3151 1861 3252 1916 179
3269 1879 3377 1930 sq.;

495 1949 517 1980 ²
554 1948 578 2001 I
634 1947 735 2003 153
762 1965 870 2016 sq.;
927 1946 1017 2000 X·
1062 1947 1129 2000 72
1152 1964 1231 2015 sq.
1283 1944 1482 2015 (Cori);
1538 1945 1627 1999 X·
1686 1946 1780 2001 101
1811 1963 1892 2014 sq.
1946 1945 2264 2012 (Fornovo);
2324 1945 2413 1999 X·
2467 1947 2564 2002 146
2589 1964 2670 2014 sq.
2729 1945 3049 2014 (Mentana).
3105 1976 3171 1986 —-
3223 1946 3380 2003 Dom.

493 2033 724 2105 Magri
780 2031 1148 2089 Coniecturae
1200 2037 1260 2088 et
1308 2031 1724 2088 observationes
1773 2031 1842 2087 de
1878 2030 2171 2087 sabinensi
2226 2031 2554 2102 episcopatu
2591 2030 2857 2099 (Viterbii
2915 2032 3047 2088 1666
3091 2033 3243 2103 apud
3289 2033 3377 2088 Fr.

492 2119 564 2175 M.
583 2120 629 2174 Β
644 2137 764 2175 ran
782 2138 811 2175 c
826 2117 1041 2175 atium
1066 2119 1146 2174 De
1165 2118 1395 2190 optione
1419 2134 1512 2173 sex
1531 2117 1958 2189 episcopatuum
1979 2116 2033 2172 S.
2051 2117 2111 2171 R.
2132 2116 2190 2171 Ε.
2218 2115 2585 2171 cardinalium
2606 2116 2946 2187 disceptatio
2964 2117 3229 2184 (Viterbii
3249 2136 3289 2173 s.
3304 2122 3377 2188 a.)

493 2208 549 2261 et
574 2205 740 2276 ‚apud
776 2204 1175 2261 Kircherum
1224 2204 1447 2261 Latium
1485 2208 1646 2260 vetus
1694 2223 1747 2275 p.
1774 2204 1878 2259 224
1895 2205 2016 2272 aq.).
2065 2233 2128 2243 —
2178 2203 2423 2258 Piazza
2458 2203 2762 2259 Gerar-chia
2797 2203 2945 2258 card.
2983 2221 3038 2274 p.
3064 2204 3168 2260 123
3190 2223 3272 2274 sq.
3310 2236 3376 2244 -—

489 2290 726 2364 Giorgi
770 2290 914 2346 Diss.
955 2291 1087 2346 hist.
1132 2291 1200 2347 de
1245 2290 1513 2346 cathedra
1560 2290 1732 2360 episc.
1770 2289 1955 2346 Setiae
1993 2308 2049 2360 p.
2083 2290 2151 2345 20
2169 2308 2250 2359 sq.
2305 2319 2367 2328 —-
2418 2289 2479 2344 P.
2520 2290 2576 2345 L.
2612 2289 2917 2346 Galletti
2970 2289 3150 2346 Gabio
3186 2291 3379 2347 antica

490 2378 633 2434 citta
669 2376 728 2432 di
763 2376 973 2434 Sabina
1008 2382 1264 2449 scoperta
1301 2395 1402 2433 ove
1439 2381 1469 2433 e
1506 2395 1602 2433 ora
1647 2376 1806 2433 Torri
1844 2378 1926 2443 (In
1966 2376 2144 2432 Roma
2184 2377 2354 2445 1757).
2410 2407 2471 2415 -
2509 2376 2569 2431 F.
2597 2379 2662 2431 A.
2686 2376 2951 2432 Maroni
3002 2376 3083 2432 De
3138 2377 3378 2434 ecclesia

489 2469 549 2521 et
601 2463 881 2535 episcopis
933 2463 1330 2521 Sabinensibus
1384 2465 1614 2532 (Romae
1673 2464 1842 2533 1758).
1898 2494 1961 2503 —
2017 2464 2076 2518 Ρ.
2122 2464 2180 2518 L.
2207 2462 2521 2519 Galletti
2578 2463 2842 2519 Memorie
2897 2464 2955 2518 di
3009 2465 3094 2519 tre
3147 2463 3377 2520 antiche

490 2551 675 2608 chiese
712 2549 770 2606 di
807 2548 958 2606 Rieti
995 2550 1082 2620 (In
1118 2551 1295 2606 Roma
1322 2551 1492 2619 1765).
1545 2579 1606 2589 -
1654 2550 1762 2617 (Fr.
1789 2549 1850 2606 P.
1877 2550 2132 2620 Speran
2151 2549 2278 2619 dio)
2314 2548 2522 2605 Sabina
2558 2567 2724 2621 sagra
2761 2568 2790 2605 e
2827 2551 3079 2621 profana,
3117 2551 3309 2606 antica
3344 2568 3374 2606 e

489 2630 753 2695 moderna
805 2639 891 2707 (In
945 2636 1122 2693 Roma
1167 2639 1325 2707 1790)
1371 2656 1424 2708 p.
1465 2638 1566 2693 192
1588 2655 1670 2706 sq.
1737 2667 1802 2677 -
1856 2636 2315 2691 Giancolombino
2370 2635 2729 2692 Fatteschi
2787 2636 3049 2694 Memor-ie
3120 2637 3375 2694 istorico-

489 2722 896 2796 diplomatiche
930 2723 1281 2794 riguardanti
1326 2724 1384 2778 la
1419 2722 1560 2779 serie
1597 2723 1681 2779 de’
1719 2723 1887 2778 duchi
1928 2765 1940 2778 .
1970 2765 1980 2776 .
2018 2723 2109 2778 del
2147 2723 2352 2779 ducato
2388 2722 2447 2777 di
2485 2723 2715 2794 Spoleto
2751 2724 2836 2793 (In
2875 2722 3167 2781 Camerino
3206 2726 3374 2789 1801).

489 2841 553 2850 -
609 2810 673 2867 G.
699 2810 763 2865 A.
790 2810 970 2867 Guat
985 2810 1131 2867 tani
1175 2808 1522 2866 Monumenti
1559 2808 1756 2866 Sabini
1790 2810 1992 2864 1-111
2029 2810 2115 2880 (In
2155 2809 2331 2864 Roma
2371 2809 2696 2878 1827-32).
2733 2840 2800 2850 —
2837 2810 3147 2867 Max-occo
3184 2812 3373 2868 Monu-

489 2896 664 2951 menti
702 2896 727 2950 I
763 2896 829 2952 78
847 2915 928 2966 sq.
981 2926 1048 2937 —
1085 2896 1189 2952 Fil.
1213 2895 1504 2952 Mercuri
1547 2896 1628 2952 La
1673 2914 1806 2952 vera
1841 2896 2074 2952 localita
2118 2896 2177 2951 di
2231 2895 2358 2951 Curi
2403 2895 2463 2950 in
2513 2896 2723 2952 Sabina
2772 2939 2785 2953 .
2811 2939 2824 2953 .
2870 2897 2928 2952 di
2976 2902 3232 2971 scoperte
3278 2900 3372 2955 nel

486 2982 773 3040 romitorio
822 2983 879 3039 di
920 2982 972 3040 8.
1008 2982 1188 3039 Maria
1229 2982 1359 3039 dell·
1397 2981 1528 3038 Arci
1563 2981 1898 3040 dimostrata
1934 2983 2134 3051 (Roma
2172 2982 2344 3054 1838).
2400 3015 2465 3022 —
2516 2983 2773 3040 Moroni
2823 2983 3141 3041 Dizionario
3186 2985 3370 3041 XXVI

489 3071 677 3141 lsssq.;
715 3071 809 3126 LX
848 3074 980 3141 9sq.
1017 3103 1082 3113 —-
1121 3071 1557 3143 Cappelletti
1597 3072 1620 3125 I
1657 3072 1754 3125 551
1787 3090 1866 3140 sq.
1895 3102 1959 3111 —
1985 3071 2044 3126 L.
2076 3071 2431 3128 Duchesne
2468 3072 2525 3126 iu
2564 3072 2728 3127 Arch.
2766 3072 2916 3129 della
2939 3071 3058 3128 Soc.
3086 3073 3242 3128 Rom.
3268 3072 3371 3127 XV

488 3157 668 3226 (1892)
704 3159 807 3214 495
821 3177 901 3228 sq.
951 3189 1018 3199 —
1055 3158 1122 3212 Η.
1148 3157 1384 3214 Grisar
1418 3157 1475 3212 in
1514 3156 1725 3214 Civilta
1762 3161 1898 3213 catt.
1935 3176 1985 3212 a.
2016 3159 2149 3213 1896
2185 3162 2226 3213 t.
2253 3158 2334 3212 III
2371 3159 2472 3213 219
2492 3176 2574 3226 sq.
2629 3191 2695 3199 —-
2748 3158 2928 3214 Series
2981 3159 3371 3229 episcoporum

489 3244 822 3300 Sabinorum
873 3245 1029 3316 typis
1081 3243 1363 3315 descripta
1406 3243 1557 3299 iussu
1605 3245 1677 3299 M.
1716 3244 1863 3300 card.
1901 3243 2218 3300 Mocenni
2264 3243 2495 3311 (Romae
2533 3245 2705 3313 1901).
2760 3275 2826 3284 -
2879 3245 2943 3300 A.
2977 3244 3371 3315 Stegensek

487 3332 660 3386 Santa
695 3331 877 3387 Maria
910 3331 968 3387 in
993 3331 1282 3396 Vescovio,
1321 3331 1663 3387 Kathedrale
1700 3331 1798 3388 der
1823 3330 2032 3386 Sabina
2068 3331 2151 3385 in:
2189 3331 2345 3386 Rom.
2371 3329 2750 3394 Quartalschr.
2775 3331 2909 3386 XVI
2935 3331 3114 3400 (1902)
3140 3331 3267 3401 Vsq.
3304 3361 3368 3372 —-

487 3417 552 3472 A.
576 3418 651 3474 M.
679 3416 1108 3475 Bernasconi
1147 3419 1171 3472 I
1206 3418 1479 3474 santuarii
1516 3418 1668 3474 della
1704 3418 1756 3473 b.
1782 3417 2025 3490 Vergine
2062 3417 2120 3472 in
2157 3416 2365 3472 Sabina
2401 3417 2589 3486 (Siena
2625 3418 2798 3486 1906).

1451 3660 1923 3746 Episcopatus
1971 3660 2409 3731 sabinensis.

703 3820 861 3885 Tres
893 3822 1301 3904 episcopatus
1345 3822 1409 3883 in
1442 3819 1777 3884 Sabinensi
1823 3821 2141 3885 territorio
2189 3821 2341 3885 olim
2374 3820 2693 3884 exstitisse
2741 3827 2960 3884 notum
3009 3827 3125 3903 est,
3172 3842 3367 3886 unum

489 3925 552 3987 in
583 3922 821 4008 oppido
847 3922 1050 3988 Cures
1083 3944 1228 3987 cum
1260 3923 1533 3987 ecclesia
1562 3922 1915 3988 cathedrali
1941 3946 1988 3987 s.
2016 3924 2328 4007 Anthimi,
2361 3924 2632 3988 alterum
2664 3925 2727 3987 in
2751 3923 2920 3987 Foro
2953 3945 3141 4008 novo,
3172 3924 3369 3990 hodie

486 4028 804 4092 Vescovio
851 4049 1051 4111 prope
1098 4026 1305 4110 Toni,
1352 4048 1496 4091 cum
1543 4027 1815 4091 ecclesia
1847 4026 2199 4091 cathedrali
2234 4049 2281 4090 s.
2315 4027 2663 4111 Euthymii,
2711 4029 2971 4092 tertium
3016 4028 3081 4091 in
3126 4028 3365 4113 oppido

487 4131 907 4218 Nomentum,
953 4130 1146 4196 hodie
1192 4131 1515 4196 Montana.
1608 4129 1738 4194 Sed
1783 4131 1911 4194 iam
1957 4151 2125 4194 saec.
2173 4131 2237 4194 X
2281 4152 2475 4194 unum
2522 4131 2876 4195 invenimus
2921 4132 3365 4216 episcopatum

488 4235 906 4301 Sabinensem
952 4256 1096 4300 cum
1140 4233 1295 4299 sede
1330 4233 1678 4318 episcopali
1725 4241 1791 4298 et
1836 4234 2111 4299 ecclesia
2156 4234 2508 4300 cathedrali
2554 4233 2638 4298 ad
2669 4233 2980 4300 honorem
3023 4235 3085 4299 b.
3117 4236 3363 4301 Mariae

488 4341 551 4404 in
596 4337 834 4425 oppido
872 4339 1042 4412 Foro
1089 4359 1254 4402 novo
1301 4335 1408 4420 (cf.
1442 4358 1501 4400 n.
1538 4337 1624 4421 3).
1692 4337 1820 4401 Hic
1853 4339 2191 4422 episcopus
2223 4336 2590 4402 Sabinensis
2634 4339 2802 4403 inter
2845 4337 2907 4402 S.
2941 4338 3020 4403 R.
3053 4338 3128 4403 E.
3156 4338 3366 4404 cardi-

486 4443 664 4509 nales
710 4443 1045 4528 episcopos
1098 4441 1307 4506 locum
1366 4441 1592 4506 habuit
1651 4446 1717 4506 et
1773 4442 1982 4507 adhuc
2047 4447 2239 4507 tenet.
2333 4440 2535 4506 Sedes
2589 4442 2973 4526 episcopalis
3017 4450 3238 4507 autem
3285 4443 3366 4508 ab

486 4546 857 4612 Alexandro
889 4547 987 4611 VI
1019 4569 1075 4611 a.
1116 4551 1277 4610 1495
1325 4546 1388 4609 in
1421 4545 1728 4630 oppidum
1761 4547 2088 4631 Magliano
2131 4546 2439 4610 translata
2484 4550 2600 4628 est,
2647 4545 2755 4610 ubi
2787 4545 2979 4611 hodie
3008 4552 3365 4631 permanet.

700 4719 963 4785 Archivi
1032 4718 1400 4784 Sabinensis
1468 4720 1874 4803 episcopatus
1950 4725 2364 4784 monumenta
2431 4719 2792 4804 antiquiora
2858 4720 3190 4803 perierunt
3255 4716 3365 4802 (cf.

485 4824 846 4890 Bethmann
887 4825 953 4888 in
995 4823 1236 4888 Archiv
1279 4823 1416 4888 XII
1462 4825 1620 4899 493;
1667 4822 1842 4887 Gott.
1890 4821 2124 4888 Nachr.
2182 4826 2328 4888 1901
2373 4845 2435 4907 p.
2470 4821 2643 4908 204).
2737 4820 3041 4887 Codicem
3088 4843 3366 4907 quoque,

485 4950 568 4992 ex
637 4950 762 5013 quo
823 4926 1089 4993 Galletti
1141 4927 1372 4991 Marini
1418 4927 1486 4990 H
1531 4925 1772 4992 bullam
1828 4927 1916 5013 (n.
1951 4925 2019 5012 3)
2066 4926 2296 5008 edidit,
2358 4924 2695 5009 „Confines
2741 4926 3147 5011 episcopatus
3179 4923 3364 4990 Sabi-

486 5031 735 5097 nensis“
784 5032 1190 5117 inscriptum,
1259 5029 1411 5094 olim
1458 5052 1657 5116 penes
1704 5029 2153 5115 Gammpinm,
2209 5031 2442 5094 frustra
2489 5030 2792 5115 quaesivi.
2894 5029 3252 5095 Alexandri
3297 5030 3365 5093 H

485 5136 887 5221 privilegium
936 5133 1023 5221 (n.
1060 5135 1147 5222 5),
1195 5136 1528 5200 etiamtum
1561 5156 1729 5200 saec.
1761 5135 1924 5199 XIV
1970 5136 2035 5198 in
2081 5133 2337 5199 archivo
2384 5157 2432 5199 s.
2464 5134 2634 5199 sedis
2666 5141 3129 5218 conservatum,
3175 5134 3367 5218 periit

488 5247 554 5303 et
595 5241 823 5324 ipsum.
914 5239 991 5303 In
1038 5238 1274 5326 oppido
1320 5233 1679 5322 Magliano‚
1725 5238 1833 5303 ubi
1878 5238 2071 5304 hodie
2120 5244 2217 5302 est
2261 5236 2448 5301 sedes
2488 5237 2891 5322 episcopalis,
2936 5256 3146 5322 neque
3193 5234 3364 5320 apud
