4055 6069
714 508 838 572 202
1096 532 1098 535 ’
2040 509 2277 567 Latium.

1673 854 1935 924 Civitas
1982 855 2637 938 centumcellensixs·

1993 997 2036 1050 L
2048 1013 2077 1050 e
2087 1013 2120 1050 o
2134 1014 2172 1067 p
2189 995 2316 1051 olis

932 1152 1555 1220 Centumcellensem
1587 1154 1932 1238 civitatem,
1980 1154 2061 1219 de
2093 1155 2270 1219 cuius
2303 1155 2535 1220 comite
2567 1153 2990 1240 Theophanio
3023 1157 3153 1221 iam
3185 1153 3535 1241 Gregorius
3567 1154 3602 1219 1

719 1258 785 1321 in
826 1257 1085 1344 Dialog.
1133 1258 1241 1323 lib.
1287 1258 1385 1325 IV
1430 1279 1483 1323 c.
1529 1263 1608 1323 27
1656 1259 1957 1345 loquitur,
2014 1258 2166 1323 licet
2220 1280 2259 1322 a
2313 1258 2629 1345 Gregorio
2676 1259 2781 1323 ΙΠ
2834 1259 3198 1324 fortissimis
3254 1262 3451 1325 muris
3502 1262 3600 1324 in-

713 1368 1065 1428 stauratam
1110 1362 1281 1449 (Lib.
1329 1363 1554 1447 pontif.
1602 1364 1703 1429 ed.
1751 1363 2094 1429 Duchesne
2135 1364 2169 1427 I
2201 1361 2376 1448 421),
2423 1384 2589 1428 saec.
2627 1362 2728 1427 IX
2772 1362 3075 1428 Saraceni
3118 1365 3372 1447 penitus
3418 1385 3601 1429 ever-

715 1473 947 1531 terunt.
996 1534 999 1535 .
1060 1467 1223 1531 Eam
1285 1469 1423 1533 Leo
1469 1468 1568 1532 IV
1623 1466 2083 1532 restituendam
2143 1469 2421 1553 curavit,
2481 1469 2545 1531 in
2596 1468 2724 1532 alio
2781 1474 2996 1532 tamen
3050 1468 3192 1531 loco
3253 1469 3599 1550 munitiori,

715 1572 815 1633 cui
861 1591 1097 1635 nomen
1138 1571 1447 1655 Leopolis
1490 1573 1794 1656 imposuit
1838 1569 1926 1656 (n.
1961 1570 2051 1656 2).
2128 1570 2373 1635 Verum
2406 1572 2599 1656 paulo
2645 1578 2793 1656 post
2822 1571 3091 1654 incolae,
3136 1591 3366 1635 novam
3414 1570 3600 1635 dese-

713 1680 957 1759 rentes,
1014 1674 1096 1739 ad
1156 1681 1445 1740 veterem
1504 1674 2085 1742 Centumcellarum
2141 1672 2368 1739 urbem
2425 1672 2784 1756 redierunt,
2858 1672 3029 1739 unde
3081 1695 3318 1738 nomen
3361 1673 3602 1739 Civitas

712 1783 914 1842 vetus.
1004 1780 1238 1843 Petrus
1292 1780 1592 1844 Latronis
1637 1778 1718 1844 ab
1765 1779 2143 1844 Innocentio
2190 1778 2260 1842 II
2315 1778 2480 1842 hanc
2524 1779 2590 1842 in
2633 1776 3015 1843 beneficium
3079 1779 3330 1862 accepit
3386 1777 3473 1862 (n.
3508 1779 3599 1861 3),

714 1881 977 1965 eiusque
1022 1880 1190 1946 filius
1234 1890 1489 1949 strenue
1537 1890 1757 1947 contra
1787 1880 2176 1947 Rainaldum
2210 1882 2681 1965 cancellarium,
2727 1881 3037 1946 Friderici
3071 1880 3105 1944 Ι
3148 1883 3302 1967 imp.
3348 1881 3599 1964 ducem,

668 2020 669 2023 =
714 1983 1031 2060 defendit3
1078 1986 1194 2051 sed
1225 1992 1452 2071 postea
1480 1986 1856 2052 Alexandro
1881 1986 1986 2050 III
2017 1987 2242 2051 civitas
2273 1987 2466 2051 cessit
2495 1985 2582 2071 (n.
2616 1985 2707 2073 4).
2774 1987 2857 2050 Α.
2896 1989 3060 2051 1224
3092 1986 3232 2052 dec.
3258 1990 3296 2050 9
3328 1986 3603 2070 populus

713 2087 1287 2154 Centumcellensis
1318 2089 1608 2155 Honorio
1641 2090 1746 2155 111
1791 2092 2057 2175 eiusque
2103 2088 2573 2155 successoribus
2605 2089 2870 2154 tradidit
2912 2091 2977 2154 in
3006 2096 3390 2175 perpetuum
3437 2088 3601 2154 libe-

714 2213 854 2255 rum
901 2192 1192 2258 Civitatis
1236 2196 1471 2260 veteris
1517 2193 1866 2258 dominium
1923 2200 1990 2258 et
2033 2194 2294 2279 plenum
2351 2195 2450 2258 ius
2501 2215 2576 2259 ac
2620 2193 3123 2259 iurisdictionem
3169 2192 3602 2258 omnimodam

715 2300 782 2359 et
823 2296 1180 2381 plenariam
1246 2295 1357 2382 (cf.
1404 2297 1624 2363 Oencii
1666 2296 1810 2361 Lib.
1867 2318 2038 2371 cens.
2098 2297 2161 2361 S.
2202 2297 2280 2362 R.
2326 2295 2402 2362 E.
2459 2319 2512 2362 c.
2559 2302 2629 2373 7,
2699 2296 2845 2362 edd.
2909 2298 3276 2361 Annovazzi
3334 2318 3396 2381 p.
3446 2300 3602 2373 239;

715 2398 995 2464 Theiner
1052 2399 1210 2464 Cod.
1275 2399 1429 2486 dipl.
1491 2400 1661 2465 dom.
1709 2408 1904 2486 temp.
1953 2402 1987 2465 I
2036 2405 2110 2466 81
2163 2424 2223 2464 n.
2259 2404 2413 2478 2343
2482 2400 2665 2465 Studi
2726 2421 2763 2464 e
2824 2400 2964 2466 doc.
3009 2400 3141 2464 VII
3199 2404 3322 2466 335
3380 2422 3440 2464 n.
3489 2403 3603 2476 353

713 2501 960 2567 Calisse
1005 2525 1070 2588 p.
1110 2508 1229 2570 153
1274 2511 1405 2569 not.
1441 2508 1516 2582 2;
1562 2503 2156 2571 Fabre·Duchesne
2188 2504 2222 2568 Ι
2258 2504 2434 2590 10*).
2524 2504 2820 2589 Denique
2867 2503 3170 2569 Clemens
3199 2503 3295 2566 IV
3341 2525 3399 2567 a.
3437 2505 3603 2568 1265

714 2612 875 2691 sept.
919 2610 1000 2672 25
1047 2614 1115 2672 et
1158 2630 1217 2673 a.
1270 2612 1432 2675 1267
1492 2615 1679 2674 mart.
1728 2613 1808 2673 29
1870 2615 2148 2673 castrum
2204 2609 2498 2683 Oifitafis
2556 2609 2793 2674 veteris
2850 2607 3049 2673 Petro
3108 2607 3187 2671 de
3233 2607 3395 2672 Vico
3452 2627 3604 2671 con-

713 2711 906 2776 cessit
949 2710 1569 2796 (Fabre-Duchesne
1615 2713 1649 2776 I
1681 2716 1782 2778 56.
1817 2715 1973 2788 4523
2019 2713 2090 2776 Π
2125 2712 2255 2799 36).
2344 2713 2562 2777 Aliam
2606 2713 3097 2798 promissionem
3143 2709 3368 2775 sindici
3411 2709 3605 2774 castri

714 2814 1287 2881 Centumcellensis
1332 2837 1389 2879 a.
1432 2819 1581 2879 1291
1638 2817 1764 2880 ian.
1799 2818 1836 2878 2
1884 2815 2124 2880 factam
2171 2816 2233 2881 S.
2266 2817 2345 2881 R.
2379 2816 2453 2880 Ε.
2499 2817 2774 2902 legimus
2818 2814 2991 2900 apud
3034 2813 3341 2879 Cencium
3387 2834 3441 2877 c.
3475 2817 3601 2879 365

716 2917 890 3005 (edd.
936 2919 1249 2983 Muratori
1292 2919 1514 3004 Antiq.
1564 2919 1632 2983 H
1679 2924 1833 2996 5673
1882 2916 2129 3005 Oalisse
2176 2942 2237 3005 p.
2280 2924 2396 2986 189
2444 2927 2575 2986 not.
2616 2925 2682 2996 1;
2728 2916 3317 2984 Fabre-Duchesne
3359 2916 3393 2980 Ι
3425 2918 3603 3003 597).

713 3126 793 3190 *1
3189 3126 3487 3191 625—38

714 3231 1099 3297 Honorius
1143 3230 1177 3294 Ι
1236 3231 1409 3297 locat
1451 3230 1751 3317 Epifanio
1819 3252 2099 3298 massam
2146 3231 2491 3297 Stracesim
2561 3252 2704 3296 cum
2766 3236 2952 3316 prato
3012 3252 3128 3295 suo
3156 3128 3257 3296 (ct
3307 3129 3605 3295 omnibus

714 3334 834 3399 sibi
879 3335 1366 3420 pertinentibus,
1411 3356 1552 3420 pos.
1596 3336 1660 3399 in
1706 3336 2026 3400 territorio
2074 3335 2636 3402 Centumcellensi.

920 3462 1218 3518 Deusdedit
1269 3464 1357 3519 zib.
1391 3464 1501 3518 III
1531 3480 1574 3518 c.
1609 3471 1704 3519 213
1746 3463 1904 3536 [149]
1947 3480 2013 3518 ex
2056 3464 2281 3536 reyistro
2333 3464 2573 3519 Honor-ii
2620 3461 2756 3533 (cdd.
2798 3461 3132 3516 Martinucci
3170 3480 3229 3532 p.
3256 3469 3369 3519 322.
3459 3463 3616 3530 Wolf

714 3567 759 3604 υ.
805 3549 1051 3605 Glanvell
1083 3568 1142 3620 p.
1178 3552 1315 3621 364).
1406 3550 1638 3605 Albinus
1690 3552 1775 3606 lib.
1815 3552 1877 3606 X
1909 3568 1952 3606 c.
1988 3559 2076 3607 30.
2168 3550 2395 3605 Ceno-ius
2439 3567 2481 3605 c.
2524 3557 2581 3605 71
2616 3548 2719 3621 (ed.
2758 3548 3262 3603 Fabre-Duchcsne
3296 3550 3336 3603 Ι
3361 3550 3494 3619 351).
3532 3580 3604 3589 -

717 3636 877 3707 Reqq.
913 3636 967 3693 J.
1003 3642 1145 3693 1580.
1199 3637 1308 3692 «ΤΕ.
1344 3644 1488 3694 2036.
1796 3683 1799 3684 ⁷

968 3775 975 3780 ·
1092 3747 1288 3805 Eidem
1314 3748 1591 3820 EpifaniO,
1629 3749 1902 3807 defensori
1928 3750 2182 3814 Tusciae,
2220 3748 2497 3805 Honorius
2524 3750 2547 3803 1
2583 3747 2796 3805 locavit
2819 3763 3040 3817 quoque
3064 3764 3301 3803 massam
3328 3747 3604 3804 Gracilis.-

921 3852 1049 3890 nam
1087 3835 1239 3906 apud
1277 3835 1570 3893 Bleranam
1607 3835 1897 3893 civitatem
1935 3840 2007 3906 (v,
2045 3837 2223 3893 Bieda
2256 3855 2312 3891 n.
2337 3838 2408 3904 2).

714 3973 799 4035 *2
3084 3973 3211 4038 854
3256 3993 3299 4037 a
3385 4022 3399 4037 .
3432 3975 3515 4038 15

715 4079 869 4145 Leo
917 4078 1015 4143 IV
1070 4101 1303 4145 novam
1361 4080 1587 4147 urbem
1648 4080 1867 4146 condit
1921 4083 2110 4166 eique
2167 4102 2253 4146 ex
2306 4080 2565 4165 proprio
2623 4079 2963 4164 Leopolim
3022 4098 3258 4144 nomen
3300 3994 3604 4163 ¹icrgrliponit.

718 4184 928 4283 Quam
975 4185 1175 4249 tribus
1236 4184 1628 4250 orationibus
1685 4187 1752 4251 in
1803 4185 2068 4251 modum
2123 4184 2454 4249 Trinitatis
2508 4190 2873 4266 consecrat,
2928 4184 3264 4247 missarum
3322 4182 3608 4246 officium

716 4289 837 4353 rite
881 4289 1255 4374 persolvens
1301 4296 1367 4355 et
1410 4311 1645 4376 aquam
1693 4290 2105 4356 benedictam
2147 4310 2266 4376 per
2309 4309 2524 4353 muros
2567 4288 2808 4352 iactare
2852 4287 3274 4373 praecipiens.

924 4413 1108 4468 Laud.
1145 4417 1207 4471 in
1254 4417 1381 4472 Vita
1417 4417 1619 4473 Leonis
1653 4418 1754 4472 IV
1782 4418 1928 4486 (Lib.
1956 4417 2158 4487 pontif.
2197 4416 2276 4472 ed.
2315 4415 2600 4471 Duchem
2636 4415 2711 4469 11
2735 4418 2865 4483 132).
2904 4445 2967 4455 —
3006 4415 3141 4486 Περ.
3179 4413 3288 4470 «ΤΕ.
3328 4441 3406 4466 ——.

1097 4530 1165 4584 cf.
1193 4530 1562 4602 Gregorovius
1597 4530 1794 4586 Gesch.
1832 4530 1931 4586 der
1953 4530 2122 4587 Stadt
2145 4530 2285 4584 Rom
2313 4532 2334 4564 ⁴
2361 4529 2590 4593 111‘100;
2629 4526 2839 4584 Calisse
2874 4546 2928 4599 p.
2955 4526 3024 4582 82
3041 4545 3122 4596 sq.
3146 4529 3208 4582 et
3232 4526 3412 4582 Lauer
3434 4525 3471 4581 1.
3500 4543 3546 4580 c.

717 4718 799 4783 *3
3147 4720 3488 4781 1133—43

719 4823 1219 4891 Innocentius
1249 4826 1320 4892 H
1352 4827 1647 4893 concedit
1674 4827 1874 4892 Petro
1904 4827 2204 4892 Latronis
2235 4826 2663 4912 privilegium,
2697 4845 2823 4910 quo
2857 4824 2918 4888 ei
2946 4844 3062 4908 pro
3096 4719 3220 4888 2(00
3245 4821 3424 4886 libris
3455 4719 3608 4887 d)en.

719 4930 987 5014 Papien.
1020 4931 1098 5010 ‚in
1130 4934 1360 5018 pignus
1391 4938 1457 4997 et
1500 4930 1879 4996 beneficium
1911 4930 2026 4995 dat
2066 4936 2343 4995 castrum
2377 4928 2552 5013 Saxi,
2585 4928 2930 4994 Civitatem
2960 4933 3267 5010 veterem,
3299 4923 3613 4991 Gobitam

722 5040 789 5098 et
832 5034 1045 5099 casale
1092 5056 1151 5120 q.
1202 5036 1262 5100 d.
1310 5036 1617 5123 Vulgare.

928 5162 1110 5216 Laud.
1165 5164 1227 5217 in
1279 5165 1528 5220 chartula
1580 5163 1925 5231 refutationis
1978 5163 2129 5217 Petri
2180 5162 2442 5216 Latronis
2492 5168 2541 5217 et
2590 5161 2854 5217 Iohannis
2907 5159 3120 5215 Nwolai
3172 5176 3223 5214 a.
3268 5163 3393 5214 1193
3437 5157 3534 5212 ind.
3579 5165 3616 5212 3

725 5249 976 5306 Celo-stim
1009 5251 1109 5305 111
1137 5250 1322 5318 factae
1353 5255 1425 5319 (v,
1464 5252 1653 5320 Roma,
1702 5250 1849 5306 Gens
1884 5250 2034 5304 Petri
2067 5249 2332 5328 Latronis
2366 5267 2422 5305 n.
2453 5253 2526 5314 4).
2566 5279 2629 5289 -
2667 5248 2799 5319 Req.
2835 5247 2949 5303 JL.
2986 5277 3069 5302 —.
