4055 6069
612 435 651 496 2
664 435 687 495 1
701 434 737 497 8
1932 430 2173 488 Latium.

612 604 691 666 *1
2893 608 3062 672 1042
3103 614 3287 673 mart.
3319 613 3405 675 30

612 709 1089 775 Benedictus
1136 710 1233 775 IX
1278 711 1586 776 Bonizoni
1618 712 1970 778 Tuscanen.
2015 735 2146 797 ep.:
2195 713 2433 778 dirimit
2477 713 2654 778 litem
2704 713 3093 778 decimarum
3139 720 3488 779 castrorum

615 813 879 878 duorum
929 815 1094 879 inter
1138 837 1285 880 eum
1331 823 1397 882 et
1442 816 1837 882 Godizonem
1883 840 1985 902 ep.
2035 817 2461 883 Castrensem.

993 943 1042 979 v.
1082 925 1426 993 Toscanella‚
1464 925 1647 998 Episc.
1686 946 1737 983 n.
1763 929 1812 983 2.

612 1013 658 1074 2
2889 1017 3058 1079 1053
3100 1038 3143 1080 a
3237 1018 3287 1081 '.
3325 1019 3403 1080 14

613 1116 774 1180 Leo
820 1118 921 1182 IX
969 1119 1189 1185 Ottoni
1237 1144 1338 1206 ep.
1373 1129 1522 1187 etc.:
1571 1125 1904 1189 confirmat
1934 1124 2331 1208 episcopatui
2364 1145 2411 1186 s,
2446 1121 2662 1188 Savini
2694 1131 2761 1189 et
2805 1145 2852 1186 s.
2885 1016 3489 1206 Pancrafflosses-

616 1220 845 1285 siones.
914 1262 997 1270 —-
1060 1225 1430 1290 Petentium
1492 1227 1844 1293 desideriis.
1942 1228 2092 1292 Dat.
2146 1232 2222 1291 18
2261 1228 2392 1292 kal.
2451 1229 2604 1292 maii
2670 1249 2730 1311 p.
2796 1248 2879 1290 m.
2955 1225 3283 1291 Frederici
3330 1224 3490 1289 diac.

617 1321 681 1387 S.
712 1323 791 1388 R.
827 1325 901 1390 Ε.
935 1326 1086 1393 bibl.
1135 1336 1200 1394 et
1246 1351 1419 1394 canc.
1452 1332 1590 1396 vice
1630 1332 1691 1395 d.
1724 1331 2080 1397 Hermanni
2113 1330 2444 1405 Colonien,
2474 1332 2776 1416 archiep,
2823 1352 2882 1395 a.
2930 1329 2990 1394 d.
3037 1327 3494 1394 LeonisVIIII

613 1446 721 1510 pp.
772 1431 831 1511 6,
878 1430 1007 1494 ind.
1041 1435 1099 1496 6.

823 1539 888 1595 B.
927 1572 991 1581 —-
1029 1542 1138 1597 Ed.
1184 1542 1325 1599 Gott.
1363 1544 1568 1599 Nachr.
1604 1553 1741 1601 1900
1772 1563 1822 1614 p.
1854 1554 1950 1600 144
1984 1562 2037 1599 n.
2065 1554 2100 1599 4
2135 1562 2202 1600 cx
2237 1546 2300 1599 B.
2341 1575 2402 1585 -
2445 1544 2580 1614 Rey.
2617 1545 2732 1602 JL.
2770 1576 2854 1598 —-.

614 1661 649 1699 ³st
652 1665 695 1724 3
3043 1669 3383 1733 1133—42

615 1767 1129 1833 Innocentius
1176 1770 1245 1833 Π
1292 1772 1636 1837 committit
1679 1773 1948 1837 Ildiconi
1981 1774 2260 1839 Suanen.
2308 1780 2375 1838 et
2401 1772 2730 1837 Ludovico
2765 1671 3117 1837 Tuscanszn.
3152 1793 3298 1858 epp.
3346 1669 3495 1837 edn-

619 1875 1016 1957 troversiam‚
1050 1896 1214 1959 quae
1247 1876 1415 1942 inter
1442 1877 1658 1942 Adam
1691 1901 1790 1963 ep.
1826 1878 2116 1944 Castren.
2151 1885 2217 1944 et
2247 1877 2585 1943 Albertum
2618 1875 2921 1942 abbatem
2953 1899 3121 1942 mon.
3155 1898 3204 1941 s.
3236 1875 3495 1941 Colum-

617 1975 767 2042 bani
831 1977 912 2043 de
958 1977 1201 2064 (casale
1247 1979 1356 2065 de)
1404 1981 1762 2047 Oamerone
1819 1983 2056 2047 diutius
2115 1985 2359 2069 agitata
2413 1988 2479 2047 et
2521 1982 2588 2046 in
2631 1983 2996 2066 praesentia
3039 2002 3250 2067 papae
3297 1980 3500 2045 semel

619 2102 694 2145 ac
741 2080 838 2144 bis
884 2088 950 2148 et
994 2084 1182 2147 tertio
1229 2086 1539 2150 ventilata
1584 2091 1700 2150 est.

828 2192 1012 2248 Laud.
1048 2194 1112 2246 in
1141 2195 1403 2249 sententia
1432 2195 1687 2250 Ildiconi&
1720 2202 1767 2250 et
1795 2196 2060 2251 Ludovici
2094 2214 2207 2266 epp.
2243 2214 2294 2251 a.
2324 2204 2447 2252 1142
2480 2196 2578 2264 (ed.
2612 2195 2941 2264 Campanam·
2983 2194 3255 2248 Tuscanica
3291 2211 3317 2248 e
3341 2194 3363 2247 i
3385 2193 3504 2248 suoi

618 2280 950 2333 monumenti
987 2280 1059 2333 ΙΙ
1089 2288 1179 2335 116
1211 2297 1266 2334 n.
1297 2283 1400 2351 15).
1437 2312 1504 2321 —
1543 2282 1667 2351 Ray.
1708 2283 1936 2337 Htibner
1978 2282 2510 2338 Gfflchtsurkunden
2543 2300 2598 2338 n.
2624 2289 2769 2338 1637.
2829 2280 2936 2337 JL.
2973 2313 3054 2336 —.

1520 2559 2030 2627 nonasterium
2079 2577 2136 2627 s.
2169 2558 2610 2628 columbani.

846 2699 1403 2783 „Vetustissimum
1459 2707 1557 2766 est
1618 2724 1665 2765 s.
1700 2701 2082 2766 Columbani
2140 2700 2519 2766 coenobium
2573 2701 2637 2763 in
2692 2697 3009 2762 territorio
3069 2696 3242 2761 urbis
3296 2695 3503 2761 Castri

626 2803 855 2866 situm“
928 2801 1223 2887 (Gattula
1268 2804 1434 2868 Hist.
1483 2805 1726 2869 Cassin.
1773 2826 1835 2890 p.
1871 2804 2047 2890 416).
2157 2804 2342 2868 Idem
2414 2824 2553 2868 esse
2616 2824 2692 2867 ac
2748 2802 2977 2866 cellam
3034 2824 3081 2864 s.
3125 2800 3504 2867 Columbani

628 2908 691 2970 in
738 2908 1055 2972 territorio
1103 2908 1493 2973 Tuscanensi
1538 2910 1725 2973 sitam
1770 2914 1945 2994 puto,
1993 2910 2170 2973 cuius
2200 2909 2637 2993 praepositum
2684 2913 2751 2971 et
2792 2913 3107 2971 rectorem
3137 2904 3504 2970 Amabilem

627 3012 983 3077 invenimus
1039 3013 1103 3077 in
1151 3012 1534 3078 documento
1581 3012 1907 3079 Amiatino
1967 3036 2024 3078 a.
2062 3016 2356 3079 809—11
2422 3010 2550 3098 (ed.
2597 3010 2892 3076 Brunetti
2937 3008 3096 3075 Cod.
3145 3009 3296 3095 dipl.
3345 3007 3506 3073 Tos-

629 3138 787 3180 cano
834 3116 904 3180 II
960 3119 1077 3182 381
1131 3141 1189 3181 n.
1234 3122 1349 3193 80;
1396 3117 1476 3182 cf.
1523 3118 1596 3184 C.
1640 3119 1885 3183 Calisse
1939 3118 2326 3182 Documenti
2380 3117 2693 3180 Amiatini
2738 3116 2832 3179 in:
2900 3113 3096 3177 Arch.
3146 3111 3316 3176 della
3361 3110 3505 3176 Soc.

628 3217 819 3283 Rom.
864 3219 1028 3284 XVI
1095 3220 1320 3307 (1893)
1375 3225 1500 3286 296
1559 3244 1619 3285 n.
1668 3221 1792 3308 16).
1901 3221 2080 3287 Inter
2145 3222 2274 3286 alia
2342 3220 2724 3286 documenta
2790 3217 2874 3282 ad
2939 3217 3063 3281 hoc
3129 3214 3507 3280 coenobium

630 3326 986 3409 spectantia
1017 3326 1263 3409 profert
1293 3324 1558 3390 Gattula
1588 3326 1884 3411 Hugonis
1916 3326 2167 3390 comitis
2198 3325 2426 3404 Castri,
2472 3324 2584 3387 filii
2626 3322 2686 3386 b.
2719 3343 2802 3385 m.
2874 3319 3121 3403 Caduli,
3153 3318 3508 3384 chartulam

631 3428 990 3493 donationis
1035 3450 1092 3492 a.
1133 3432 1293 3494 1027
1340 3430 1466 3493 iun.
1543 3429 1811 3493 Iohanni
1871 3429 2090 3494 abbati
2135 3452 2184 3492 s.
2217 3426 2599 3493 Columbani
2644 3427 2812 3489 circa
2858 3424 3197 3489 ecclesiam
3241 3444 3288 3486 s.
3322 3421 3512 3486 Pauli

630 3534 695 3596 in
726 3533 1084 3598 Camillano
1133 3533 1362 3613 factae,
1408 3533 1517 3597 ubi
1563 3534 1835 3619 legimus
1867 3532 2322 3598 monasterium
2369 3554 2417 3595 s.
2449 3528 2829 3596 Columbani
2875 3550 3013 3613 pos.
3053 3529 3232 3591 iuxta
3274 3527 3512 3590 fiumen

632 3659 691 3722 q.
725 3657 782 3700 v,
830 3637 1097 3701 Armine
1144 3635 1276 3716 (La
1320 3636 1571 3720 Fiora).
1660 3637 1936 3701 Rectum
1983 3635 2065 3700 ab
2112 3634 2449 3700 abbatibus
2494 3632 2842 3698 secundum
2888 3630 3178 3716 regulam
3219 3652 3268 3691 s.
3300 3628 3511 3693 Bene-

633 3740 805 3823 dicti,
852 3740 973 3804 fuit
1018 3740 1303 3806 oblatum
1335 3741 1664 3806 monachis
1697 3738 2148 3805 Casinensibus
2194 3761 2276 3805 ex
2310 3739 2718 3804 concessione
2749 3732 3214 3800 Aldebrandini
3262 3731 3513 3796 comitis

632 3843 920 3926 palatini,
966 3849 1036 3906 ut
1082 3851 1264 3929 patet
1308 3867 1391 3909 ex
1436 3845 1793 3909 Innocentii
1838 3844 1946 3908 III
1991 3843 2166 3909 bulla
2210 3867 2267 3909 a.
2308 3846 2469 3910 1208
2515 3843 2623 3906 iul.
2657 3844 2737 3905 25
2783 3838 3085 3904 Potthast
3124 3835 3287 3921 Reg.
3324 3839 3512 3919 3472,

635 3956 701 4011 et
757 3946 1052 4012 laudatur
1094 3969 1222 4011 una
1269 3970 1412 4013 cum
1459 3948 1732 4013 ecclesia
1784 3971 1833 4011 s.
1881 3949 2140 4012 Martini
2193 3950 2373 4012 iuxta
2432 3948 2668 4011 flumen
2722 3943 2971 4008 Armini
3028 3942 3304 4025 primum
3349 3940 3515 4003 inter

633 4050 1069 4135 possessiones
1115 4049 1560 4117 Oasinensium
1604 4054 1668 4116 in
1712 4053 2041 4117 Anastasii
2081 4051 2177 4115 IV
2220 4050 2557 4137 privilegio
2605 4046 2734 4132 (ed.
2781 4046 2962 4111 Kehr
3004 4046 3072 4109 in
3100 4042 3517 4109 Miscellanea

636 4150 972 4217 Cassinese
1045 4158 1204 4220 1899
1257 4177 1319 4239 p.
1354 4161 1436 4221 69
1481 4179 1541 4221 n.
1577 4155 1711 4240 22).
1821 4155 2040 4220 Hodie
2107 4177 2186 4220 ne
2246 4155 2517 4239 vestigia
2574 4151 2836 4238 quidem
2895 4150 3080 4214 huius
3145 4147 3515 4211 monasterii

633 4263 988 4340 supersunt.

848 4430 1251 4497 Documenta
1297 4440 1555 4498 exstant
1597 4434 1660 4497 in
1707 4433 1963 4498 archivo
1996 4429 2467 4498 archicoenobii
2500 4428 2860 4494 Casinensis
2900 4424 3008 4510 (cf.
3041 4423 3307 4488 Gattula
3337 4423 3376 4486 l.
3411 4420 3515 4505 c.).

637 4533 768 4598 Sed
824 4535 1162 4622 privilegia
1205 4538 1574 4621 pontificum
1619 4538 2061 4602 Romanorum
2107 4543 2254 4600 ante
2300 4535 2742 4632 Innocentium
2791 4530 2893 4595 III
2952 4531 3116 4594 inter
3162 4550 3240 4593 ea
3286 4528 3517 4592 frustra

638 4658 1084 4721 quaesivlmus.

636 4775 716 4838 *1
3032 4770 3433 4853 (1133-42)

638 4885 1157 4950 Innocentius
1212 4884 1279 4948 Π
1348 4885 1688 4949 committit
1754 4883 2025 4947 Ildiconi
2090 4882 2365 4947 Suanen.
2438 4887 2505 4944 et
2558 4879 2887 4945 Ludovico
2955 4875 3308 4940 Tuscanen.
3371 4892 3517 4956 epp.

642 4990 1140 5054 controversiam
1187 4989 1353 5052 inter
1395 4987 1611 5054 Adam
1659 5010 1759 5072 cp.
1808 4988 2097 5052 Castren.
2146 4994 2212 5050 et
2243 4985 2580 5049 Albertum
2627 4982 2929 5046 abbatem
2975 5001 3143 5044 mon.
3177 5000 3224 5041 s.
3258 4977 3518 5041 Colum-

639 5092 788 5158 bani
835 5092 914 5158 de
964 5092 1203 5177 (casale
1253 5091 1361 5177 de)
1411 5093 1768 5159 Camerone
1816 5092 2051 5155 diutius
2096 5092 2426 5174 agitatam.

1020 5221 1068 5260 v.
1106 5202 1317 5270 Casti-0,
1353 5203 1535 5275 Episc.
1571 5222 1623 5257 n.
1649 5204 1698 5258 3.
