4055 6069
1131 497 1479 554 crescentius
1516 516 1697 554 comes
1734 530 1800 539 —
1837 499 1983 553 Mon.
2019 517 2061 553 s.
2087 498 2360 569 Stephani
2397 498 2465 553 de
2501 496 2800 559 Montanis,
3292 501 3402 562 121

533 676 570 734 1
2871 675 3038 735 1000
3083 672 3207 736 dee.
3240 674 3327 734 26

531 776 920 841 Silvester
963 778 1033 840 II
1077 778 1383 862 Dayferio
1417 780 1632 856 comiti
1667 780 1930 863 eiusque
1963 780 2109 842 filiis
2156 786 2221 843 et
2252 779 2615 863 nepotibus:
2667 778 2864 842 donat
2893 778 3027 840 iure
3061 782 3126 839 et
3156 778 3411 841 nomine

531 882 822 945 beneficii
883 883 1205 946 civitatem
1263 885 1660 966 superiorem
1728 891 1793 946 et
1848 884 2215 948 inferiorem
2273 906 2333 969 q.
2388 906 2445 947 v,
2495 883 2841 948 Terracina
2909 903 3052 946 cum
3121 879 3413 945 omnibus

531 985 805 1050 turribus
851 993 917 1050 et
955 987 1150 1050 muris
1195 988 1325 1050 suis
1369 1009 1483 1051 seu
1529 1009 1670 1052 cum
1711 989 1883 1051 omni
1915 986 2308 1052 districtione
2355 1009 2489 1071 sua,
2537 993 2730 1072 atque
2777 987 3148 1051 comitatum
3180 985 3412 1049 Terra-

532 1090 734 1153 cinen.
782 1090 947 1154 infra
992 1092 1298 1155 terminos
1329 1090 1720 1175 adsignatos,
1768 1093 2176 1174 constituens,
2225 1102 2294 1156 ut
2324 1092 2687 1157 actionariis
2719 1090 2781 1155 S.
2814 1090 2894 1155 R.
2927 1090 3001 1154 E.
3051 1093 3087 1156 3
3114 1090 3250 1154 auri
3296 1091 3410 1153 sol.

534 1195 997 1278 persolvantur.
1047 1231 1125 1241 —
1176 1196 1487 1269 Quotiens
1531 1181 1655 1260 illa
1713 1218 1771 1260 a.
1815 1196 1948 1261 Sor.
1997 1220 2061 1282 p.
2103 1219 2185 1260 m.
2233 1196 2538 1261 Iohannis
2597 1197 2781 1260 scrin.
2829 1193 2892 1259 S.
2936 1194 3014 1259 R.
3057 1193 3163 1269 E..
3220 1195 3282 1257 in
3328 1216 3410 1257 m.

533 1298 679 1380 ian.,
726 1298 854 1361 ind.
909 1303 1004 1361 14.
1104 1299 1254 1363 Dat.
1316 1304 1349 1363 7
1386 1299 1514 1363 kal.
1575 1301 1698 1364 ian.
1759 1324 1818 1385 p.
1865 1322 1948 1364 m.
2007 1300 2311 1365 Iohannis
2372 1323 2472 1385 ep.
2530 1307 2595 1364 et
2649 1299 2803 1363 bibl.
2865 1323 2913 1361 a.
2961 1298 3133 1363 sedis
3186 1305 3413 1383 apost„

533 1423 589 1464 a.
648 1409 822 1484 pont.
881 1402 941 1466 d.
1004 1400 1294 1467 Silvestri
1339 1424 1419 1466 ss.
1467 1425 1574 1488 pp.
1625 1407 1691 1487 2,
1753 1406 1904 1488 imp.
1964 1405 2023 1468 d.
2085 1405 2324 1468 Ottone
2384 1428 2423 1468 a
2466 1404 2609 1468 Deo
2657 1425 2783 1468 cor.
2832 1423 3064 1487 magno
3113 1409 3179 1466 et
3221 1402 3412 1487 pacis.

531 1504 687 1591 imp.
733 1525 791 1569 a.
827 1512 885 1587 5,
933 1507 997 1570 in
1042 1527 1260 1570 mense
1309 1512 1374 1570 et
1417 1506 1548 1572 ind.
1596 1530 1677 1571 ss.

740 1616 793 1670 B
839 1634 891 1670 α.
939 1626 1085 1672 1446.
1173 1616 1336 1687 [Duo
1389 1618 1676 1672 vetustiora
1722 1618 2042 1687 apoffluplm
2086 1623 2135 1672 et
2187 1620 2358 1672 altera
2411 1620 2569 1687 copia
2621 1637 2672 1671 α.
2718 1625 2847 1672 1279
2901 1616 3181 1670 exstabat&
3237 1615 3416 1669 adhuc

533 1718 584 1755 a.
613 1704 779 1771 178JJ.
819 1735 883 1742 —
920 1701 1060 1759 Edd.
1106 1702 1384 1758 Cantatori
1414 1720 1465 1772 p.
1493 1713 1555 1758 41
1596 1728 1658 1750 ==
1700 1704 1892 1759 Ollaria
1932 1703 2155 1758 Oenwes
2188 1704 2253 1759 dc
2297 1704 2508 1759 Gerbert
2524 1722 2582 1772 p.
2609 1712 2718 1769 562,
2762 1727 2823 1749 =
2863 1704 3050 1772 Me’qne
3082 1702 3419 1757 CXXXIX

534 1795 629 1842 276
660 1804 715 1841 n.
740 1794 786 1842 6.
844 1788 1035 1860 Giorfi
1062 1807 1120 1859 p.
1146 1796 1210 1844 63
1245 1807 1299 1842 n.
1327 1800 1354 1844 1
1390 1806 1456 1843 ex
1481 1791 1536 1844 B
1566 1791 1658 1859 (cf.
1684 1790 1758 1844 N.
1785 1790 1984 1844 Archiv
2024 1791 2187 1844 XXI
2208 1798 2309 1845 785
2332 1808 2387 1845 n.
2413 1797 2554 1855 248).
2580 1821 2646 1829 —
2674 1791 2831 1861 Reyy.
2859 1789 2910 1844 J.
2934 1798 3078 1845 2996.
3133 1789 3249 1845 JL.
3274 1796 3413 1844 3912.

1581 2066 1845 2133 Petrus
1892 2066 1977 2132 de
2023 2066 2370 2134 Roberto.

751 2224 926 2287 Petri
976 2223 1056 2287 de
1108 2224 1394 2288 Roberto
1443 2230 1686 2288 tantum
1733 2226 1973 2288 mentio
2018 2225 2091 2288 fit
2136 2226 2197 2288 in
2249 2225 2495 2289 duobus
2540 2224 2900 2289 Alexandri
2931 2225 3033 2287 III
3078 2188 3417 2307 mandatis,

536 2348 700 2410 quae
749 2348 831 2391 ex
878 2327 1322 2392 Tarracinensi
1369 2328 1625 2392 archivo
1673 2329 2075 2412 sumpsimus.

535 2511 611 2574 *1
2964 2520 3304 2582 1159—7‘3

537 2618 983 2683 Alexander
1027 2619 1132 2682 111
1178 2623 1517 2685 committit
1569 2620 1961 2708 B(ernardo)
1992 2622 2297 2687 Portuen.
2333 2644 2433 2706 ep.
2468 2629 2533 2686 et
2564 2622 2820 2708 P(etro)
2867 2521 2967 2687 tit<
3008 2646 3056 2686 s.
3091 2522 3417 2688 Laurentii

536 2723 602 2784 in
656 2722 939 2787 Damaso
1007 2723 1219 2808 presb.
1290 2725 1460 2790 card.
1527 2728 2025 2792 controversiam
2092 2728 2259 2791 inter
2313 2727 2661 2813 Hugonem
2715 2749 2816 2812 ep.
2881 2728 3288 2793 Terracinen.
3356 2735 3421 2791 et

536 2825 803 2891 Petrum
850 2827 930 2891 de
976 2825 1262 2893 Roberto
1309 2851 1503 2914 super
1545 2831 1895 2897 medietate
1942 2830 2219 2896 Saxone.

913 2956 965 2993 v.
1003 2939 1320 3005 Terracina,
1359 2941 1540 3012 Episc.
1579 2961 1629 2996 n.
1660 2944 1739 2998 16.

534 3055 580 3119 2
2319 3058 2583 3141 Anaym'
2624 3062 3027 3141 (1173-76)
3072 3080 3216 3141 any.
3248 3062 3336 3124 26

535 3158 999 3223 Alexander
1043 3159 1146 3223 III
1189 3160 1452 3247 Hugoni
1500 3184 1601 3247 ep.
1636 3164 2071 3228 Terracinam:
2121 3163 2455 3227 confirmat
2486 3163 3016 3248 compositionem
3063 3163 3229 3228 inter
3274 3184 3422 3226 eum

536 3268 604 3326 et
647 3261 913 3327 Petrum
960 3264 1040 3328 de
1083 3264 1373 3330 Roberto
1419 3288 1611 3351 super
1656 3267 2004 3332 medietate
2053 3265 2308 3331 Saxone
2356 3266 2612 3331 factam.

919 3395 967 3430 v.
1007 3376 1324 3442 Terracina,
1361 3377 1544 3448 Episc.
1580 3397 1631 3434 n.
1664 3379 1741 3434 17.

1213 3655 1726 3722 nonasterium
1772 3672 1827 3721 s·
1861 3654 2209 3739 Stephani
2255 3654 2340 3721 de
2388 3653 2764 3722 montanis.

757 3811 1261 3879 Celeberrimum
1308 3837 1355 3878 s.
1391 3813 1700 3900 Stephani
1747 3815 2234 3896 monasterium,
2304 3815 2495 3878 situm
2554 3815 2618 3877 in
2674 3819 2891 3877 monte
2947 3832 3139 3895 supra
3172 3809 3426 3875 >Terra-

543 3915 772 3999 cinam‚
817 3917 986 3981 unde
1033 3919 1482 4004 appellabatur
1527 3919 1607 3984 de
1648 3918 1999 4002 MontaniS‚
2047 3918 2129 3983 ab
2177 3920 2315 4004 ipso
2361 3942 2410 3987 s.
2444 3917 2798 3983 Benedicto
2846 3916 3190 3997 conditum,
3237 3922 3429 3998 prout

541 4018 777 4104 legitur
822 4020 995 4106 apud
1041 4046 1089 4085 s.
1133 4021 1516 4109 Gregorium
1562 4023 1649 4088 M.
1697 4026 1761 4088 in
1806 4023 2063 4109 Dialog.
2110 4022 2218 4087 lib.
2253 4023 2322 4086 II
2367 4046 2418 4087 c.
2453 4025 2534 4086 22
2584 4028 2650 4086 et
2695 4023 2760 4085 in
2804 4021 3041 4085 Leonis
3086 4019 3185 4083 IX
3230 4019 3425 4102 privi-

543 4121 736 4207 legio,
782 4125 911 4188 iam
971 4125 1052 4189 ab
1096 4128 1380 4213 Agapito
1426 4127 1493 4191 II
1541 4151 1598 4193 a.
1634 4133 1756 4193 955
1805 4127 2123 4192 Balduino
2170 4126 2390 4191 abbati
2437 4127 2766 4192 casinensi
2814 4144 3221 4204 concessum,
3278 4122 3429 4206 quia

548 4247 702 4310 „per
745 4228 1006 4315 longam
1050 4239 1436 4297 vetustatem
1491 4234 1556 4296 in
1616 4233 1811 4297 ruinis
1871 4240 1936 4297 et
1990 4231 2259 4296 desertis
2311 4230 2629 4316 positum“
2688 4229 2835 4310 (JL.
2872 4225 3098 4312 3671),
3146 4227 3280 4290 Leo
3327 4223 3428 4288 IX

542 4330 844 4396 Richerio
891 4333 1109 4398 abbati
1140 4335 1471 4400 Casinensi
1518 4358 1575 4400 a.
1618 4340 1779 4400 1052
1825 4337 2104 4400 restituit
2135 4335 2282 4419 (JL.
2315 4335 2531 4418 4274).
2620 4331 2723 4397 De
2756 4354 2833 4397 eo
2866 4327 3430 4395 Terracinensibus

543 4435 790 4500 litteras
837 4441 1356 4504 commonitorias
1402 4442 1790 4524 scripserunt
1833 4441 1969 4504 Leo
2016 4440 2117 4503 IX
2161 4437 2309 4514 (JL.
2358 4437 2577 4522 4275),
2638 4439 2873 4502 Lucius
2919 4434 2987 4498 II
3032 4432 3182 4518 (JL.
3231 4432 3430 4515 8655)

546 4545 611 4603 et
664 4540 1039 4606 Alexander
1083 4543 1187 4605 III
1248 4543 1395 4628 (JL.
1450 4544 1717 4629 13004)‚
1776 4567 1935 4629 quas
1992 4565 2215 4608 omnes
2273 4564 2463 4627 supra
2519 4541 2725 4607 retuli.
2827 4539 2968 4603 Iam
3022 4557 3189 4602 saec.
3230 4533 3430 4598 XVII

545 4646 798 4726 penitus
843 4645 1118 4710 dirutum
1169 4654 1309 4713 erat
1352 4645 1462 4732 (cf.
1496 4646 1804 4711 Mabillon
1852 4656 1917 4712 et
1956 4646 2264 4711 Germain
2293 4645 2455 4709 Mus.
2490 4646 2620 4709 ital.
2656 4646 2685 4707 Ι
2726 4643 2892 4727 100),
2940 4644 3201 4725 eiusque
3233 4636 3427 4702 modo

545 4751 652 4812 vix
712 4756 965 4814 exstant
1018 4752 1291 4835 vestigia
1347 4749 1455 4835 (cf.
1505 4750 1834 4816 Contatori
1882 4773 1944 4835 p.
1980 4751 2153 4835 341).
2262 4750 2361 4814 De
2420 4770 2497 4814 eo
2552 4748 2630 4813 cf.
2666 4748 2855 4813 Valle
2912 4748 3009 4811 La
3064 4746 3220 4808 citta
3262 4762 3430 4805 nova

547 4856 610 4919 di
656 4854 935 4938 Piperno
969 4877 1031 4938 p.
1068 4859 1148 4919 30
1181 4877 1307 4940 sq.;
1356 4854 1666 4919 Mabillon
1700 4857 1864 4918 Ann.
1899 4855 2035 4918 ord.
2069 4879 2117 4918 s.
2152 4853 2489 4918 Benedicti
2525 4854 2551 4892 ²
2584 4852 2616 4915 Ι
2663 4857 2744 4916 58
2790 4850 2906 4935 (ad
2950 4872 3007 4913 a.
3042 4853 3165 4912 534
3200 4869 3251 4911 c.
3287 4845 3427 4930 22);

547 4957 752 5022 Lubin
800 4982 860 5042 p.
896 4964 1051 5032 387:
1100 4961 1432 5024 Oontatori
1479 4983 1540 5044 p.
1577 4963 1736 5035 3383
1785 4959 2050 5022 Gattula
2096 4958 2264 5022 Hist.
2315 4956 2490 5022 Cass.
2540 4957 2571 5019 I
2628 4962 2740 5019 115
2768 4978 2860 5038 sq.

763 5151 1194 5233 Documenta,
1261 5172 1425 5235 quae
1482 5157 1776 5235 spectant
1834 5150 1914 5213 ad
1971 5150 2094 5213 hoc
2152 5149 2639 5228 monasterium,
2709 5168 2945 5232 quaere
3015 5144 3077 5210 in
3132 5142 3429 5206 abbatiae

552 5256 915 5322 Gasinensis
960 5256 1239 5325 archivo,
