4055 6069
766 439 885 501 126
2086 436 2325 493 Latium.

759 633 874 696 pro
922 632 1088 675 mon.
1138 634 1185 675 s.
1220 610 1529 695 Stephani
1591 612 1672 676 de
1718 611 1920 676 Fossa
1977 635 2143 677 nova
2198 636 2254 677 a.
2298 617 2458 679 1089
2507 613 2644 680 dec.
2681 619 2746 682 7.
2797 613 2896 677 ed.
2945 613 3103 678 Cod.
3153 613 3306 698 dipl.
3354 614 3644 679 Caietan.

758 716 828 778 II
880 720 997 779 142
1047 738 1104 780 n.
1139 715 1314 800 262),
1375 718 1474 779 cui
1534 739 1581 779 s.
1629 717 1872 780 Mariae
1930 717 2011 781 de
2056 717 2259 782 Fossa
2304 739 2471 781 nova
2524 719 2797 781 ecclesia
2842 716 2923 781 ab
2969 717 3345 783 Innocentio
3391 717 3490 800 ΙΙ,
3539 719 3647 803 qui

758 819 846 883 ibi
905 819 1365 885 cistercienses
1432 819 1814 896 introduxit,
1882 821 2142 886 addicta
2209 822 2331 886 fuit
2379 820 2467 905 (n.
2522 823 2604 906 1).
2708 820 3136 905 Temporibus
3188 820 3503 886 Hadriani
3550 820 3647 884 IV

759 933 825 992 et
854 924 1211 990 Alexandri
1243 924 1347 987 ΠΙ
1378 925 1836 988 monasterium
1868 947 1916 988 e.
1952 924 2264 1010 Stephani
2296 948 2335 989 a
2366 924 2633 990 Giraldo
2668 924 2903 990 abbate
2936 933 3180 990 rectum
3214 933 3313 990 est
3343 924 3432 1011 (n.
3467 929 3524 992 3.
3557 923 3643 1009 4).

759 1030 941 1095 Saec.
998 1028 1169 1093 XIII
1237 1027 1353 1091 sub
1421 1028 1676 1093 nomine
1744 1051 1791 1092 s.
1849 1029 2094 1094 Mariae
2151 1037 2263 1093 aut
2319 1029 2381 1093 b.
2426 1029 2673 1094 Mariae
2740 1036 2808 1093 et
2869 1052 2914 1093 s.
2972 1027 3282 1113 Stephani
3338 1030 3644 1115 optimam

758 1134 996 1198 famam
1072 1139 1329 1196 nactum
1404 1134 1570 1197 inter
1643 1134 2034 1198 monasteria
2112 1133 2246 1197 ord.
2324 1134 2799 1215 cisterciensis,
2884 1132 3158 1217 gloriam
3234 1133 3647 1217 praecipuam

757 1238 1094 1323 acquisivit
1139 1243 1272 1300 tum
1321 1236 1401 1299 ob
1449 1236 1647 1301 aedes
1677 1237 2052 1322 magnificas
2084 1236 2430 1302 Gothicum
2463 1259 2656 1322 quem
2687 1244 2920 1301 vocant
2948 1237 3183 1321 stylum
3218 1235 3650 1302 redundantes

759 1349 891 1406 tum
961 1339 1044 1404 ob
1109 1340 1436 1404 interitum
1504 1337 1563 1402 b.
1615 1338 1906 1404 Thomas
1960 1341 2334 1424 Aquinatis‚
2401 1341 2508 1424 qui
2562 1340 2774 1404 locum
2842 1339 3277 1406 venerabilem
3349 1339 3645 1404 reddidit.

756 1446 999 1509 Postea
1044 1443 1382 1508 abbatibus
1429 1442 1997 1507 commendatariis
2044 1443 2282 1519 datum,
2329 1445 2495 1508 inter
2540 1464 2702 1528 quos
2747 1464 2804 1507 a.
2844 1447 3006 1508 1632
3051 1443 3429 1508 Franciscus
3473 1442 3645 1507 card.

757 1547 1123 1623 Barberini;
1193 1546 1470 1631 denique
1539 1567 1595 1609 a.
1653 1551 1810 1610 1795
1884 1549 2008 1611 iun.
2054 1551 2133 1612 23
2205 1570 2244 1611 a
2312 1548 2431 1612 Pio
2473 1548 2569 1610 VI
2638 1547 2968 1612 monachis
3031 1548 3426 1613 casaemarii
3494 1567 3646 1610 con-

761 1674 1011 1717 cessum
1056 1658 1172 1715 est.

972 1806 1073 1871 De
1130 1803 1388 1869 archivo
1457 1804 1630 1870 haud
1676 1804 1907 1871 uberes
1961 1807 2222 1871 notitias
2278 1806 2607 1871 habemus.
2708 1808 2868 1871 Pars
2924 1808 3243 1893 quaedam
3300 1807 3647 1872 documen-

761 1920 989 1993 torum,
1035 1910 1202 1973 inter
1248 1929 1413 1993 quae
1474 1908 1792 1974 Hadriani
1838 1909 1932 1974 lv
1988 1917 2055 1974 et
2098 1910 2456 1975 Alexandri
2501 1910 2605 1973 III
2662 1911 3029 1997 privilegia,
3090 1934 3256 1976 saec.
3305 1911 3539 1975 XVIII
3584 1910 3649 1973 in

761 2015 1035 2100 collegio
1082 2014 1215 2077 PP.
1250 2012 1590 2077 Societatis
1635 2013 1783 2078 Iesu
1830 2012 2047 2078 Setiae
2104 2013 2593 2095 adservabantur,
2666 2036 2749 2079 ex
2804 2036 2961 2099 quo,
3028 2015 3153 2079 illis
3206 2015 3516 2100 expulsis,
3585 2015 3647 2076 in

759 2119 1033 2183 civitatis
1094 2116 1354 2185 Setinae
1428 2116 1811 2181 tabularium
1867 2119 2116 2182 transiit
2180 2116 2289 2201 (cf.
2350 2117 2526 2182 (ἔδει.
2587 2118 2825 2184 Nachr.
2892 2124 3044 2184 1901
3111 2141 3172 2203 p.
3215 2117 3392 2202 200).
3497 2117 3648 2181 Alia

723 2222 1144 2287 *documenta
1191 2221 1274 2285 ad
1304 2223 1761 2286 monasterium
1795 2221 2036 2287 Fossae
2080 2244 2287 2288 novae
2334 2224 2694 2309 spectantia
2740 2224 2951 2287 inveni
2983 2223 3234 2288 Romae
3281 2225 3344 2286 in
3389 2222 3645 2287 archivo

757 2326 1104 2408 Vaticano,
1150 2332 1284 2389 tum
1331 2326 1497 2389 inter
1540 2326 1795 2390 chartas
1841 2348 1888 2390 s.
1921 2327 2161 2412 Angeli
2207 2334 2340 2391 tum
2385 2329 2551 2392 inter
2598 2327 3032 2392 Instrumenta
3080 2327 3492 2391 miscellanea
3537 2324 3644 2408 (cf.

759 2429 934 2495 Gott.
981 2429 1218 2494 Nachr.
1272 2432 1434 2493 1900
1480 2452 1542 2514 p.
1583 2428 1752 2514 121),
1813 2436 1878 2495 et
1919 2431 1986 2494 in
2031 2429 2111 2494 R.
2169 2431 2427 2495 archivo
2472 2430 2768 2496 Romano
2815 2429 2925 2516 (cf.
2974 2430 3149 2495 Gett.
3197 2430 3434 2497 Nachr.
3487 2433 3641 2493 1901

759 2557 821 2620 p.
853 2534 1029 2619 242).
1120 2531 1487 2617 Scripturae
1533 2533 1852 2619 quaedam
1884 2537 2288 2619 reperiuntur
2331 2536 2397 2599 in
2442 2536 2700 2599 archivo
2738 2536 3315 2600 excellentissimae
3363 2533 3646 2597 familiae

759 2637 1120 2721 Barberini‚
1185 2637 1358 2721 quod
1423 2637 1616 2702 hodie
1685 2645 1783 2703 est
1850 2640 1914 2701 in
1964 2638 2359 2703 bibliotheca
2403 2639 2722 2704 Vaticana
2779 2638 2890 2723 (cf.
2949 2638 3124 2703 Gott.
3185 2638 3421 2703 Nachr.
3486 2641 3646 2702 1903

759 2763 819 2825 p.
847 2744 992 2807 273.
1041 2740 1213 2825 549).

967 2896 1016 2949 Β
1068 2919 1133 2942 =
1171 2895 1304 2967 Cop.
1342 2913 1393 2952 a.
1422 2896 1554 2952 1337
1591 2898 1753 2953 Sezze
1791 2898 1956 2953 Arch.
1992 2901 2212 2969 segreto
2250 2899 2557 2954 comunale.

967 2983 1014 3038 C
1073 3006 1137 3030 =
1175 2982 1309 3055 Cop.
1347 3001 1398 3041 a.
1424 2983 1558 3040 1736
1601 2982 1749 3042 inter
1784 2985 2017 3042 schedas
2055 2986 2156 3054 Ios.
2186 2985 2453 3057 Garampi
2491 2985 2668 3042 Roma
2708 2985 2872 3045 Arch.
2904 2985 3029 3041 Vat.
3080 2984 3290 3056 (Fondo
3325 2983 3641 3056 Garampi);

1172 3072 1238 3127 cf.
1275 3072 1430 3128 Gott.
1466 3073 1672 3129 Nachr.
1711 3074 1847 3131 1903
1883 3092 1936 3144 p.
1962 3074 2067 3128 522
2085 3092 2165 3141 sq.

764 3158 845 3222 *1
3194 3161 3534 3223 1130—43

759 3263 1258 3328 Innocentius
1319 3263 1386 3326 II
1460 3265 1753 3330 concedit
1818 3265 2021 3331 ordini
2097 3265 2506 3330 Cisteroiensi
2578 3265 3036 3330 monasterium
3104 3162 3347 3328 Fbssae
3416 3161 3644 3344 nugae,

759 3368 930 3452 quod
975 3390 1023 3432 s.
1057 3367 1369 3452 Stephani
1415 3366 1662 3452 dicitur,
1707 3390 1834 3434 una
1879 3391 2023 3435 cum
2072 3369 2343 3433 ecclesia
2386 3391 2434 3432 s.
2468 3369 2712 3434 Mariae
2761 3368 2840 3433 de
2875 3366 3076 3431 Fossa
3119 3387 3286 3431 nova
3329 3372 3394 3431 et
3448 3367 3646 3450 perti·

756 3473 988 3537 nentiis
1034 3470 1346 3555 omnibus,
1392 3493 1585 3556 quam
1632 3480 1698 3538 et
1740 3474 2128 3538 monasterio
2176 3495 2224 3538 s.
2258 3472 2567 3557 Stephani
2613 3470 2947 3535 submittit.

965 3582 1144 3636 Laud.
1179 3582 1241 3635 in
1278 3583 1584 3637 Innocentii
1618 3584 1725 3638 III
1746 3584 1892 3639 bulla
1926 3602 1976 3638 α.
2005 3591 2134 3639 1207
2166 3585 2278 3638 ian.
2304 3591 2335 3638 9
2374 3581 2625 3637 Pommt
2665 3582 2789 3652 Req.
2827 3588 2976 3636 2969.
3014 3614 3080 3622 -
3121 3580 3244 3649 Rea.
3281 3580 3326 3634 J
3334 3580 3397 3635 L.
3436 3610 3518 3635 —.

759 3721 840 3783 *2
3196 3719 3486 3782 1154—5

759 3825 860 3890 De
929 3826 1192 3890 consilio
1260 3833 1326 3891 et
1390 3826 1718 3890 voluntate
1785 3824 2156 3889 Hadriani
2218 3822 2313 3887 IV
2388 3819 2710 3887 Berardus
2779 3720 3195 3887 Terracinen(.
3264 3844 3365 3906 ep.
3437 3720 3637 3886 dgdat

760 3930 1098 3996 ecclesiam
1146 3953 1193 3994 s.
1227 3930 1556 3996 Trinitatis
1601 3932 1666 3994 in
1710 3931 2029 3995 territorio
2075 3928 2316 3994 Setino.

965 4040 1149 4096 Laud.
1185 4042 1251 4094 in
1284 4059 1338 4095 n.
1363 4048 1410 4096 3.
1437 4051 1485 4097 4.
1522 4070 1586 4082 —
1626 4041 1754 4111 Περ.
1791 4041 1905 4097 JL.
1944 4071 2025 4095 —.

760 4115 803 4174 3
2868 4107 3116 4172 Albano
3161 4109 3331 4171 1158
3375 4113 3486 4173 oct.
3520 4111 3563 4171 3

760 4214 1200 4279 Hadrianus
1245 4214 1342 4278 IV
1388 4213 1654 4280 Giraldo
1701 4213 1917 4279 abbati
1957 4222 2111 4278 etc.:
2163 4215 2496 4279 confirmat
2527 4211 2865 4277 ecclesiam
2898 4234 2946 4277 s.
2982 4212 3316 4276 Trinitatis
3361 4212 3427 4274 in
3462 4213 3645 4276 terri-

763 4319 925 4383 torio
971 4317 1224 4403 Setino,
1279 4340 1318 4382 a
1363 4316 1711 4403 B(erardo)
1758 4318 2168 4383 Terracinen.
2218 4305 2334 4402 eps
2368 4317 2448 4382 de
2495 4316 2758 4381 consilio
2805 4322 2872 4379 et
2914 4315 3243 4379 voluntate
3289 4337 3403 4379 sua
3449 4317 3540 4397 (n.
3572 4317 3647 4397 2)

763 4443 1166 4507 concessam,
1226 4428 1291 4485 et
1352 4420 1550 4486 donat
1609 4423 1945 4507 grangiam
2006 4421 2351 4507 quandam.
2410 4463 2494 4473 —
2540 4420 2733 4484 Iustis
2785 4419 3231 4504 religiosorum
3291 4417 3645 4483 desideriis.

762 4527 904 4612 Ego
959 4525 1283 4590 Adrianus
1344 4533 1464 4591 etc.
1557 4524 1809 4590 Subscr.
1874 4528 1956 4591 20
2002 4525 2173 4590 card.
2266 4526 2415 4590 Dat.
2462 4523 2674 4589 Albae
2734 4545 2795 4607 p.
2854 4544 2937 4587 m.
3004 4520 3281 4587 Rolandi
3328 4520 3391 4586 S.
3442 4521 3523 4586 R.
3569 4520 3645 4585 E.

762 4630 974 4715 presb.
1008 4628 1178 4694 card.
1216 4636 1283 4693 et
1313 4649 1510 4710 canc„
1559 4634 1596 4692 5
1630 4651 1777 4694 non.
1813 4638 1959 4712 oct..
2004 4629 2135 4694 ind.
2174 4635 2231 4713 7,
2278 4630 2397 4694 inc.
2433 4628 2492 4692 d.
2528 4650 2584 4692 a.
2625 4631 2809 4708 1158,
2842 4632 3017 4710 pont.
3050 4647 3110 4692 ν.
3144 4625 3203 4691 d.
3235 4624 3503 4690 Adriani
3537 4647 3645 4709 pp.

761 4735 904 4798 IIII
950 4755 1006 4797 a.
1041 4738 1100 4797 4.

968 4844 1024 4898 Β
1056 4843 1149 4912 s=
1190 4843 1237 4898 0
1265 4845 1511 4914 a.1736].
1549 4873 1613 4882 -
1650 4843 1754 4898 Ed.
1796 4843 1938 4898 θσιι.
1978 4843 2181 4899 Nacm.
2223 4850 2350 4900 1903
2378 4862 2435 4913 p.
2466 4851 2569 4898 56.-
2602 4860 2654 4897 n.
2678 4852 2741 4934 ,ιι
2776 4859 2840 4897 ex
2878 4842 2933 4897 C.
2974 4872 3036 4881 -
3080 4841 3211 4912 1³29.
3236 4841 3354 4896 JL.
3394 4871 3475 4895 —.

762 4990 803 5049 4
2634 4980 3069 5047 Tusculanum
3117 4984 3284 5045 1171
3328 4979 3443 5058 seb.
3475 4982 3563 5044 27

763 5088 1225 5154 Alexander
1268 5088 1372 5152 III
1419 5086 1684 5152 Giraldo
1732 5086 1949 5151 abbati
1998 5092 2155 5151 etc.:
2210 5087 2445 5170 repetit
2489 5084 2805 5149 Hadriani
2837 5084 2936 5149 IV
2978 5085 3383 5170 privilegium
3430 5084 3647 5166 (91.3).

764 5229 847 5244 —-
895 5192 1205 5270 Quotiens
1264 5191 1422 5257 illud
1476 5213 1531 5256 a.
1610 5190 1752 5278 Ego
1799 5190 2174 5256 Alexander
2220 5201 2339 5255 etc.
2411 5187 2663 5254 Subscr.
2732 5195 2797 5253 11
2851 5188 3022 5253 card.
3100 5187 3249 5253 Dat.
3307 5187 3646 5252 Tusculan.
