4055 6069
1460 508 1649 567 Monte
1687 508 1880 566 Cireeo
1917 540 1985 551 -
2022 510 2280 581 Pipern0.
3191 516 3308 577 123

1603 867 2019 941 PIPERN
2042 866 2131 942 Ο.

1489 981 1849 1049 (Privernum.
1924 982 2251 1053 Pipernum)

634 1119 802 1173 Teod.
830 1119 1033 1175 Valle
1074 1119 1151 1175 La
1187 1121 1344 1192 regia
1379 1125 1437 1175 et
1473 1121 1667 1176 antica
1705 1120 1944 1191 Piperno
1982 1120 2126 1176 citta
2163 1121 2512 1177 nobilissima
2556 1123 2613 1177 di
2644 1121 2831 1176 Volsci
2870 1119 2961 1175 nel
3002 1120 3163 1175 Latio
3202 1118 3308 1187 (ed.

426 1206 486 1262 P.
518 1208 575 1261 P.
600 1207 929 1264 Benvenuti.
1002 1210 1067 1264 In
1105 1209 1316 1279 Napoli
1356 1211 1527 1279 1637).
1583 1240 1648 1250 —
1705 1210 1986 1281 Ughelli
2030 1214 2044 1243 ¹
2084 1211 2108 1263 I
2146 1210 2279 1266 *195
2304 1229 2410 1279 sq.;
2462 1210 2825 1276 ²112792q.;
2874 1207 2960 1260 X·
3000 1206 3195 1275 loosq.
3245 1238 3311 1245 —

427 1292 489 1347 T.
505 1292 694 1350 Valle
731 1293 811 1348 La
844 1294 987 1351 citta
1013 1313 1160 1352 nova
1186 1296 1241 1350 di
1271 1296 1507 1368 Piperno
1534 1296 1796 1352 edificata
1820 1296 1910 1352 nel
1939 1296 2101 1351 Latio
2138 1298 2222 1363 (In
2251 1296 2458 1367 Napoli
2487 1297 2656 1364 1646).
2686 1325 2748 1334 —
2787 1294 2849 1349 D.
2871 1295 2935 1349 A.
2955 1292 3311 1349 Contatori

426 1379 505 1435 De
542 1380 674 1435 hist.
712 1380 1098 1438 Terracinensi
1148 1401 1202 1453 p.
1228 1384 1332 1439 422
1356 1404 1434 1453 sq.
1489 1414 1556 1425 —
1610 1384 1673 1439 D.
1710 1382 1956 1454 Giorgi
2001 1384 2144 1438 Diss.
2194 1383 2324 1439 hist.
2364 1384 2431 1439 de
2469 1382 2619 1438 cath.
2665 1380 2833 1451 episc.
2873 1379 3059 1436 Setiae
3095 1398 3150 1450 p.
3175 1379 3309 1448 Ssq.

426 1470 485 1522 et
521 1465 664 1523 Hist.
702 1467 838 1538 dipl.
877 1469 1026 1524 cath.
1064 1470 1232 1540 episc.
1271 1469 1375 1526 civ.
1425 1470 1611 1526 Setiae
1657 1490 1710 1541 p.
1737 1472 1869 1540 Ssq.
1927 1501 1988 1510 —-
2046 1470 2111 1525 G.
2138 1470 2456 1525 Marocco
2504 1466 2855 1524 Descrizione
2895 1465 3241 1536 topograflca
3279 1482 3309 1521 e

427 1553 584 1608 cenni
622 1552 817 1609 stoi-ici
853 1554 911 1608 di
949 1555 1185 1624 Piperno
1222 1557 1421 1624 (Roma
1462 1558 1630 1626 1830).
1685 1588 1750 1598 —
1799 1557 2125 1612 Mai-occo
2164 1554 2509 1612 Monumenti
2547 1554 2624 1609 IV
2666 1554 2762 1609 162
2781 1570 2860 1621 sq.
2909 1583 2972 1591 -—
3020 1551 3308 1622 Cappel-

427 1641 597 1696 letti
633 1641 709 1696 VI
747 1641 848 1697 539
868 1660 948 1711 sq.
988 1672 1053 1682 -—
1088 1643 1351 1698 Moroni
1386 1643 1703 1700 Diziouario
1741 1645 1866 1698 Llll
1903 1644 2006 1699 239
2023 1663 2106 1712 sq.

638 1814 1016 1881 Privernum
1101 1818 1233 1883 sive
1309 1819 1655 1905 Pipernum
1746 1819 2054 1905 oppidum
2127 1820 2476 1904 antiquitus
2551 1819 3022 1904 episcopalibus
3096 1816 3310 1880 infulis

428 1925 718 1983 ornatum
779 1920 1004 2001 fuisse,
1070 1942 1153 1984 ex
1214 1924 1644 1987 monumentis
1700 1929 1967 1987 constat.
2074 1922 2203 1987 Sed
2263 1944 2429 1986 saec.
2475 1922 2575 1987 XI
2623 1961 2705 1968 —
2758 1923 3007 1986 unionis
3066 1927 3308 1986 certum

427 2028 680 2106 tempus
725 2024 948 2108 nequit
992 2022 1317 2109 adsignari
1364 2061 1438 2072 —
1474 2025 1787 2109 Pipernas
1835 2028 2243 2113 episcopatus
2289 2047 2432 2090 cum
2479 2027 2923 2092 Terracinensi
2968 2028 3199 2109 unitur,
3246 2031 3313 2089 et

425 2124 811 2190 cathedralis
879 2127 1031 2191 olim
1088 2128 1360 2192 ecclesia
1423 2130 1485 2192 in
1553 2129 1992 2215 collegiatam,
2063 2130 2213 2194 licet
2266 2130 2613 2213 insignem,
2676 2136 2984 2214 mutatur,
3053 2130 3116 2193 in
3184 2150 3311 2214 qua

425 2228 940 2313 archipresbyter
1006 2251 1148 2294 cum
1219 2236 1292 2296 15
1349 2233 1687 2296 canonicis.
1803 2232 2303 2318 Pipemensibus
2370 2230 2636 2298 subinde
2706 2232 3012 2298 adversus
3076 2233 3309 2297 Terra-

425 2333 715 2397 cinenses
760 2333 940 2397 litem
985 2333 1344 2417 agentibus,
1393 2334 1669 2420 denique
1715 2335 2106 2400 Benedictus
2137 2334 2309 2399 XIII
2353 2356 2410 2398 a.
2453 2339 2612 2400 1724
2646 2343 2806 2421 sept.
2848 2342 2924 2401 10
2971 2336 3309 2400 ecclesiam

425 2433 485 2497 b.
533 2435 779 2502 Mariae
839 2437 1113 2502 civitatis
1175 2437 1615 2503 Privernensis
1674 2440 1736 2502 in
1783 2438 2222 2504 cathedralem
2291 2440 2524 2502 iterum
2591 2442 2799 2505 erexit
2851 2448 2918 2504 et
2970 2440 3309 2505 ecclesiam

425 2539 951 2605 Terracinensem
1015 2563 1140 2606 una
1200 2563 1341 2606 cum
1401 2543 1688 2607 ecclesiis
1743 2542 2120 2608 Privernate
2180 2551 2248 2608 et
2308 2542 2530 2608 Setina
2599 2565 2805 2629 aeque
2872 2544 3311 2629 principaliter

422 2643 643 2707 univit.
1535 2666 1540 2671 ·

638 2816 739 2880 De
786 2817 1059 2881 archivis
1105 2818 1183 2881 cf.
1232 2818 1596 2883 Bethmann
1641 2821 1705 2883 in
1753 2819 1992 2884 Archiv
2038 2821 2170 2884 XII
2216 2826 2375 2897 48st
2431 2842 2488 2885 v.
2516 2820 3129 2907 Pflugk-Harttung
3176 2822 3310 2886 Iter

423 2942 484 3004 p.
521 2924 632 2995 74;
680 2919 855 2984 Gett.
902 2920 1139 2986 Naohr.
1195 2926 1345 2987 1901
1404 2945 1465 3007 p.
1506 2925 1644 2987 199.

890 3249 1213 3318 Ecclesia
1259 3251 1645 3335 collegiata
1690 3252 1895 3338 (011111
1942 3252 2412 3340 cathedralis)
2459 3272 2517 3320 s.
2552 3252 2842 3319 Mariae.

638 3406 968 3472 Ecclesiae
1016 3430 1064 3474 s.
1098 3409 1340 3473 Mariae
1388 3409 1714 3473 archivum
1762 3412 2138 3496 antiquioris
2184 3413 2328 3475 aevi
2384 3431 2590 3496 pauca
2636 3416 2881 3474 tantum
2929 3409 3313 3475 documenta

425 3511 726 3574 continet.
816 3510 992 3575 Inter
1039 3533 1203 3596 quae
1251 3513 1760 3597 antiquissimum
1807 3520 1905 3578 est
1947 3515 2248 3579 Anacleti
2279 3515 2348 3578 II
2393 3513 2799 3600 privilegium
2847 3514 2935 3599 (n.
2977 3514 3057 3598 1).
3127 3514 3309 3579 Conf.

424 3613 790 3678 Inventario
837 3613 919 3678 ed
965 3616 1188 3679 elenco
1235 3614 1300 3679 di
1332 3615 1546 3700 quello
1593 3616 1710 3681 che
1759 3618 2036 3682 esisteva
2081 3619 2229 3683 nell'
2256 3618 2539 3683 archivio
2586 3618 2936 3702 capitolare
2984 3618 3088 3682 nel
3128 3622 3309 3682 1758.

630 3804 694 3856 A·
734 3825 799 3848 =
837 3801 991 3872 Orig.
1029 3800 1268 3872 Piperno
1303 3804 1467 3859 Arch.
1505 3803 1833 3875 capitolare.

632 3891 687 3943 B
736 3911 800 3934 =
837 3888 917 3944 St.
954 3887 1164 3959 Borgia
1208 3888 1519 3945 Bullatium
1568 3890 1728 3946 Lucii
1764 3892 1874 3956 111,
1928 3911 1970 3947 s.
1997 3891 2211 3958 XVIII,
2265 3890 2445 3946 Roma
2479 3891 2629 3947 Bibl.
2660 3891 2786 3946 Vat.
2839 3891 3029 3945 Museo
3076 3889 3309 3962 Borgia;

839 3975 907 4030 ef.
946 3974 1099 4030 Gott.
1137 3975 1342 4032 Nachr.
1384 3977 1518 4033 1903
1552 3996 1607 4048 p.
1638 3979 1720 4033 76.

427 4099 466 4158 1
2304 4100 2663 4165 Trasteverc
2711 4102 2879 4165 1137
2919 4098 3109 4181 april.
3140 4101 3228 4162 22

426 4202 858 4268 Anacletus
903 4204 970 4266 Il
1015 4203 1322 4268 Alberico
1369 4204 1760 4288 archipresb.
1809 4207 2168 4290 ceterisque
2200 4206 2521 4270 canonicis
2553 4213 2706 4270 etc.:
2753 4225 2981 4288 preces
3024 4204 3310 4270 Alberici

428 4314 494 4370 et
536 4308 937 4390 potissimum
981 4306 1234 4372 Rofridi
1280 4307 1451 4373 sedis
1496 4316 1701 4392 apost.
1748 4308 2033 4373 subdiac.
2069 4308 2433 4391 admittens,
2481 4308 2775 4374 concedit
2819 4310 2883 4371 in
2928 4314 3310 4392 perpetuum

429 4429 615 4475 omne
662 4412 780 4496 ius,
828 4411 999 4497 quod
1027 4412 1324 4477 Romana
1370 4413 1643 4478 ecclesia
1688 4414 1752 4477 in
1798 4412 2045 4479 duabus
2084 4412 2519 4477 mansionibus
2562 4434 2698 4497 pos.
2745 4414 2925 4478 iuxta
2970 4412 3310 4478 ecclesiam

428 4512 487 4577 b.
519 4514 764 4579 Mariae
810 4516 874 4579 in
921 4516 1178 4580 civitate
1210 4516 1616 4581 Privernensi
1657 4516 1955 4582 habuisse
1989 4517 2354 4582 dinoscitur.
2395 4554 2467 4565 —
2502 4518 2869 4602 Aequitatis
2915 4517 3091 4581 ordo.
3167 4516 3309 4601 Ego

427 4618 777 4683 Anacletus
822 4625 942 4683 etc.
1037 4619 1185 4684 Dat.
1247 4641 1349 4703 ap.
1404 4620 1865 4685 Transtiberim
1912 4643 1972 4705 p.
2021 4643 2106 4687 m.
2199 4621 2444 4686 Mathei
2497 4620 2711 4706 presb.
2771 4620 2942 4686 card.
3001 4628 3067 4686 et
3111 4642 3308 4703 canc„

437 4729 510 4787 10
541 4723 673 4789 kal.
719 4723 899 4802 mai.,
963 4722 1091 4787 ind.
1133 4728 1228 4806 15,
1291 4725 1410 4787 inc.
1468 4724 1528 4788 d.
1590 4745 1647 4788 a.
1710 4728 1902 4808 1137,
1957 4730 2134 4810 pont.
2194 4724 2255 4788 d.
2304 4725 2606 4790 Anacleti
2652 4725 2721 4788 11
2766 4748 2874 4811 pp.
2924 4729 2981 4790 8.

633 4836 701 4889 A.
739 4865 801 4874 —
841 4833 954 4889 Ed.
990 4833 1255 4904 Prluqkfl.
1293 4836 1436 4889 Acta
1471 4835 1547 4889 II
1573 4842 1676 4891 333
1708 4852 1763 4890 n.
1789 4842 1887 4891 375
1926 4853 1993 4891 ex
2027 4838 2097 4890 Δ.
2143 4866 2207 4876 —-
2262 4836 2415 4906 Reyy.
2457 4835 2726 4906 Plluka.
2765 4836 2876 4890 Rev·
2903 4853 2959 4904 p.
2984 4843 3082 4890 233
3114 4852 3171 4890 π.
3195 4843 3309 4892 382.

415 4920 536 4976 ‘JL.
571 4927 717 4976 8432.

806 5016 1060 5072 Marocco
1106 5035 1162 5087 p.
1196 5017 1293 5080 20,
1340 5016 1609 5089 Pflugkfl.
1657 5018 1771 5072 Iter
1807 5036 1858 5086 p.
1887 5018 1968 5072 74.
2006 5016 2110 5072 808
2146 5035 2197 5070 n.
2229 5017 2385 5081 1033,
2423 5018 2560 5089 Reg.
2596 5018 2694 5072 JL.
2736 5019 2904 5075 10583
2950 5018 3186 5073 laudant
3237 5018 3309 5072 ad

636 5121 684 5157 a.
708 5104 845 5157 1159
869 5104 1032 5174 (resp.
1064 5104 1216 5171 1158)
1242 5103 1454 5159 bullam
1481 5102 1814 5158 Hadriani
1841 5102 1919 5156 lv
1944 5101 2322 5159 continentem
2348 5104 2758 5160 concessionem
2795 5104 3067 5160 ecclesiae
3092 5123 3133 5159 s.
3155 5103 3308 5160 Petri

634 5190 703 5243 de
751 5188 905 5244 Colle
950 5189 1432 5261 archipresbytero
1478 5188 1804 5258 Pipernensi
1850 5190 2076 5244 factam.
2158 5190 2264 5245 Sed
2309 5194 2396 5245 est
2440 5189 2629 5260 potius
2673 5190 2907 5246 donatio
2955 5191 3183 5246 Berardi
3220 5208 3307 5260 ep.

637 5276 1049 5333 Terracinensis
1085 5278 1154 5334 de
1190 5278 1385 5334 eadem
1421 5294 1479 5332 re
1515 5277 1668 5333 facta
1704 5295 1752 5334 a.
1779 5280 1812 5332 5
1850 5278 1903 5333 d.
1930 5276 2201 5336 Hadriani
2230 5277 2304 5332 lV
2330 5296 2443 5354 pp„
2480 5299 2549 5335 m.
2586 5277 2699 5342 iul..
2737 5281 2770 5334 2
2798 5279 2909 5335 kal.
2937 5299 3081 5352 aug„
3120 5280 3233 5334 ind.
3262 5283 3308 5342 7.
